@ARTICLE{rice44,
   author = {{Rice}, S.~O.},
    title = "{Mathematical Analysis of Random Noise}",
  journal = {Bell Systems Tech.~J., Volume 23, p.~282-332},
 keywords = {POWER SPECTRA},
     year = 1944,
   volume = 23,
    pages = {282-332},
   adsurl = {http://adsabs.harvard.edu/abs/1944BSTJ...23..282R},
  adsnote = {Provided by the SAO/NASA Astrophysics Data System},
  language= {english}
}

@ARTICLE{rice45,
   author = {{Rice}, S.~O.},
    title = "{Mathematical Analysis of Random Noise-Conclusion}",
  journal = {Bell Systems Tech.~J., Volume 24, p.~46-156},
 keywords = {POWER SPECTRA},
     year = 1945,
   volume = 24,
    pages = {46-156},
   adsurl = {http://adsabs.harvard.edu/abs/1945BSTJ...24...46R},
  adsnote = {Provided by the SAO/NASA Astrophysics Data System},
  language = {english}
}

@ARTICLE{bardeen86,
   author = {{Bardeen}, J.~M. and {Bond}, J.~R. and {Kaiser}, N. and {Szalay}, A.~S.
	},
    title = "{The statistics of peaks of Gaussian random fields}",
  journal = {\apj},
 keywords = {Cosmology, Density Distribution, Galactic Clusters, Galactic Evolution, Random Processes, Statistical Analysis, Density (Number/Volume), Mass Distribution, Mass To Light Ratios, Maxima, Missing Mass (Astrophysics), Probability Distribution Functions, Red Shift, Statistical Correlation, Velocity Distribution},
     year = 1986,
   volume = 304,
    pages = {15-61},
      doi = {10.1086/164143},
   adsurl = {http://adsabs.harvard.edu/abs/1986ApJ...304...15B},
  adsnote = {Provided by the SAO/NASA Astrophysics Data System},
  language = {english}
}

@ARTICLE{bond87,
   author = {{Bond}, J.~R. and {Efstathiou}, G.},
    title = "{The statistics of cosmic background radiation fluctuations}",
  journal = {\mnras},
 keywords = {Computational Astrophysics, Cosmology, Radiation Distribution, Relic Radiation, Statistical Analysis, Angular Correlation, Anisotropy, Correlation, Dark Matter, Power Spectra},
     year = 1987,
   volume = 226,
    pages = {655-687},
   adsurl = {http://adsabs.harvard.edu/abs/1987MNRAS.226..655B},
  adsnote = {Provided by the SAO/NASA Astrophysics Data System},
  language = {english}
}

@ARTICLE{abbott84,
   author = {{Abbott}, L.~F. and {Wise}, M.~B.},
    title = "{Constraints on generalized inflationary cosmologies}",
  journal = {Nuclear Physics B},
     year = 1984,
   volume = 244,
    pages = {541-548},
      doi = {10.1016/0550-3213(84)90329-8},
   adsurl = {http://adsabs.harvard.edu/abs/1984NuPhB.244..541A},
  adsnote = {Provided by the SAO/NASA Astrophysics Data System},
  language = {english}
}

@PHDTHESIS{knox95,
   author = {{Knox}, L.~E.},
    title = "{Determination of Inflationary Observables by Cosmic Microwave Background Experiments.}",
   school = {THE UNIVERSITY OF CHICAGO.},
     year = 1995,
   adsurl = {http://adsabs.harvard.edu/abs/1995PhDT.........9K},
  adsnote = {Provided by the SAO/NASA Astrophysics Data System},
  language = {english}
}

@ARTICLE{harm1d,
   author = {{Chiang}, L.-Y. and {Coles}, P. and {Naselsky}, P.~D. and {Olesen}, P.
	},
    title = "{The one-dimensional Fourier representation and large angular scale foreground contamination in the three-year Wilkinson Microwave Anisotropy Probe data}",
  journal = {\jcap},
   eprint = {astro-ph/0608421},
     year = 2007,
   volume = 1,
      eid = {021},
    pages = {21},
      doi = {10.1088/1475-7516/2007/01/021},
   adsurl = {http://adsabs.harvard.edu/abs/2007JCAP...01..021C},
  adsnote = {Provided by the SAO/NASA Astrophysics Data System},
  language = {english}
}

@ARTICLE{corr1d1,
   author = {
    {Khabibullina}, M.~L. and
    {Verkhodanov}, O.~V. and
    {Parijskij}, Y.~N.},
    title = "{Properties of one--dimensional sections of WMAP maps at the declination {$\delta$} = 41{$\degree$}}",
  journal = {Astrophysical Bulletin},
 keywords = {98.80.Es, 95.75.-z, 95.85.Bh},
     year = 2008,
   volume = 63,
    pages = {95-101},
      doi = {10.1134/S1990341308020016},
   adsurl = {http://adsabs.harvard.edu/abs/2008AstBu..63...95K},
  adsnote = {Provided by the SAO/NASA Astrophysics Data System},
  language = {english}
}

@ARTICLE{clast1,
   author = {{J{\o}rgensen}, H.~E. and {Kotok}, E.~V. and {Novikov}, I.~D. and 
	{Naselsky}, I.~P. and {Naselsky}, P.~D. and {Vasil'ev}, E.~V. and 
	{Parijskij}, Y. and {Tcibulev}, P. and {Ashtekar}, A.},
    title = "{The Cosmological Gene Project: Cluster Analysis of the Atmospheric Fluctuations on Arcmin-Scale Imaging of the Cosmic Microwave Background}",
  journal = {International Journal of Modern Physics D},
   eprint = {astro-ph/9910295},
     year = 2000,
   volume = 9,
    pages = {127-142},
      doi = {10.1142/S0218271800000128},
   adsurl = {http://adsabs.harvard.edu/abs/2000IJMPD...9..127J},
  adsnote = {Provided by the SAO/NASA Astrophysics Data System},
  language = {english}
}

@ARTICLE{clast2,
   author = {{Naselsky}, P.~D. and {Christensen}, P.~R. and {Coles}, P. and 
	{Verkhodanov}, O.~V. and {Novikov}, D.~I. and {Kim}, J.},
    title = "{Understanding the WMAP Cold Spot mystery}",
  journal = {Astrophysical Bulletin},
archivePrefix = "arXiv",
   eprint = {0712.1118},
     year = 2010,
   volume = 65,
    pages = {101-120},
      doi = {10.1134/S199034131002001X},
   adsurl = {http://adsabs.harvard.edu/abs/2010AstBu..65..101N},
  adsnote = {Provided by the SAO/NASA Astrophysics Data System},
  language = {english}
}

@ARTICLE{topol1,
   author = {{Novikov}, D.~I. and {Jorgensen}, H.~E.},
    title = "{A Theoretical Investigation of the Topology of the Cosmic Microwave Background Anisotropy on the Scale approximately 1 degrees}",
  journal = {\apj},
 keywords = {COSMOLOGY: COSMIC MICROWAVE BACKGROUND, COSMOLOGY: THEORY},
     year = 1996,
   volume = 471,
    pages = {521},
      doi = {10.1086/177988},
   adsurl = {http://adsabs.harvard.edu/abs/1996ApJ...471..521N},
  adsnote = {Provided by the SAO/NASA Astrophysics Data System},
  language = {english}
}

@ARTICLE{ratan1,
   author = {{Semenova}, T.~A. and {Bursov}, N.~N. and {Parijskij}, Y.~N.
	},
    title = "{Galactic synchrotron emission according to the data of the RZF survey conducted at the RATAN-600 radio telescope}",
  journal = {Astrophysical Bulletin},
 keywords = {98.54.Gr, 98.70.Vc},
     year = 2009,
   volume = 64,
    pages = {270-275},
      doi = {10.1134/S1990341309030067},
   adsurl = {http://adsabs.harvard.edu/abs/2009AstBu..64..270S},
  adsnote = {Provided by the SAO/NASA Astrophysics Data System},
  language = {english}
}

@ARTICLE{ratan2,
   author = {{Parijskij}, Y.~N. and {Mingaliev}, M.~G. and {Nizhel'Skii}, N.~A. and 
	{Bursov}, N.~N. and {Berlin}, A.~B. and {Grechkin}, A.~A. and 
	{Zharov}, V.~I. and {Zhekanis}, G.~V. and {Majorova}, E.~K. and 
	{Semenova}, T.~A. and {Stolyarov}, V.~A. and {Tsybulev}, P.~G. and 
	{Kratov}, D.~V. and {Udovitskii}, R.~Y. and {Khaikin}, V.~B.
	},
    title = "{Multi-frequency survey of background radiations of the Universe. The ''Cosmological Gene'' project. First results}",
  journal = {Astrophysical Bulletin},
 keywords = {cosmology: cosmic background radiation},
     year = 2011,
   volume = 66,
    pages = {424-435},
      doi = {10.1134/S1990341311040043},
   adsurl = {http://adsabs.harvard.edu/abs/2011AstBu..66..424P},
  adsnote = {Provided by the SAO/NASA Astrophysics Data System},
  language = {english}
}

@ARTICLE{ratan3,
   author = {{Stolyarov}, V.~A. and {Parijskij}, Y.~N. and {Bursov}, N.~N. and 
	{Mingaliev}, M.~G. and {Semenova}, T.~A. and {Tsybulev}, P.~G.
	},
    title = "{Small-scale galactic emission fluctuation observations with RATAN-600 radio telescope}",
  journal = {Astrophysical Bulletin},
 keywords = {Galaxy: foregrounds, Galaxy: diffuse emission},
     year = 2012,
   volume = 67,
    pages = {29-43},
      doi = {10.1134/S1990341312010038},
   adsurl = {http://adsabs.harvard.edu/abs/2012AstBu..67...29S},
  adsnote = {Provided by the SAO/NASA Astrophysics Data System},
  language = {english}
}

@ARTICLE{rzf,
   author = {{Parijskij}, Y.~N. and {Bursov}, N.~N. and {Berlin}, A.~B. and 
	{Balanovskij}, A.~A. and {Khaikin}, V.~B. and {Majorova}, E.~K. and 
	{Mingaliev}, M.~G. and {Nizhelskij}, N.~A. and {Pylypenko}, O.~M. and 
	{Tsibulev}, P.~A. and {Verkhodanov}, O.~V. and {Zhekanis}, G.~V. and 
	{Zverev}, Y.~K.},
    title = "{RATAN-600 new zenith field survey and CMB problems}",
  journal = {Gravitation and Cosmology},
     year = 2005,
   volume = 11,
    pages = {139-144},
   adsurl = {http://adsabs.harvard.edu/abs/2005GrCo...11..139P},
  adsnote = {Provided by the SAO/NASA Astrophysics Data System},
  language = {english}
}

@ARTICLE{rzf2,
   author = {{Bursov}, N.~N. and {Pariiskii}, Y.~N. and {Maiorova}, E.~K. and 
	{Mingaliev}, M.~G. and {Berlin}, A.~B. and {Nizhel'Skii}, N.~A. and 
	{Glushkova}, I.~A. and {Semenova}, T.~A.},
    title = "{A RATAN-600 Zenith-Field sky survey. Catalog of radio sources}",
  journal = {Astronomy Reports},
     year = 2007,
   volume = 51,
    pages = {197-214},
      doi = {10.1134/S106377290703002X},
   adsurl = {http://adsabs.harvard.edu/abs/2007ARep...51..197B},
  adsnote = {Provided by the SAO/NASA Astrophysics Data System},
  language = {english}
}

@ARTICLE{camb,
   author = {{Lewis}, A. and {Challinor}, A. and {Lasenby}, A.},
    title = "{Efficient Computation of Cosmic Microwave Background Anisotropies in Closed Friedmann-Robertson-Walker Models}",
  journal = {\apj},
   eprint = {astro-ph/9911177},
 keywords = {Cosmology: Cosmic Microwave Background, Cosmology: Theory},
     year = 2000,
   volume = 538,
    pages = {473-476},
      doi = {10.1086/309179},
   adsurl = {http://adsabs.harvard.edu/abs/2000ApJ...538..473L},
  adsnote = {Provided by the SAO/NASA Astrophysics Data System},
  language = {english}
}

@ARTICLE{glesp2,
   author = {{Verkhodanov}, O.~V. and {Doroshkevich}, A.~G. and {Naselsky}, P.~D. and 
	{Novikov}, D.~I. and {Turchaninov}, V.~I. and {Novikov}, I.~D. and 
	{Christensen}, P.~R. and {Chiang}, L.-Y.},
    title = "{GLESP package for full sky CMB maps data analysis and its realization in the FADPS data processing system.}",
  journal = {Bulletin of the Special Astrophysics Observatory},
 keywords = {cosmology: cosmic microwave background, cosmology: observations, methods: data analysis},
     year = 2005,
   volume = 58,
    pages = {40-50},
   adsurl = {http://adsabs.harvard.edu/abs/2005BSAO...58...40V},
  adsnote = {Provided by the SAO/NASA Astrophysics Data System},
  language = {english}
}

@ARTICLE{lcdm,
   author = {{Jarosik}, N. and {Bennett}, C.~L. and {Dunkley}, J. and {Gold}, B. and 
	{Greason}, M.~R. and {Halpern}, M. and {Hill}, R.~S. and {Hinshaw}, G. and 
	{Kogut}, A. and {Komatsu}, E. and {Larson}, D. and {Limon}, M. and 
	{Meyer}, S.~S. and {Nolta}, M.~R. and {Odegard}, N. and {Page}, L. and 
	{Smith}, K.~M. and {Spergel}, D.~N. and {Tucker}, G.~S. and 
	{Weiland}, J.~L. and {Wollack}, E. and {Wright}, E.~L.},
    title = "{Seven-year Wilkinson Microwave Anisotropy Probe (WMAP) Observations: Sky Maps, Systematic Errors, and Basic Results}",
  journal = {\apjs},
archivePrefix = "arXiv",
   eprint = {1001.4744},
 primaryClass = "astro-ph.CO",
 keywords = {cosmic background radiation, space vehicles: instruments},
     year = 2011,
   volume = 192,
      eid = {14},
    pages = {14},
      doi = {10.1088/0067-0049/192/2/14},
   adsurl = {http://adsabs.harvard.edu/abs/2011ApJS..192...14J},
  adsnote = {Provided by the SAO/NASA Astrophysics Data System},
  language = {english}
}

@ARTICLE{separ,
   author = {{Doroshkevich}, A. and {Verkhodanov}, O.},
    title = "{CMB component separation in the pixel domain}",
  journal = {\prd},
archivePrefix = "arXiv",
   eprint = {1008.4094},
 primaryClass = "astro-ph.CO",
 keywords = {Background radiations},
     year = 2011,
   volume = 83,
   number = 4,
      eid = {043002},
    pages = {043002},
      doi = {10.1103/PhysRevD.83.043002},
   adsurl = {http://adsabs.harvard.edu/abs/2011PhRvD..83d3002D},
  adsnote = {Provided by the SAO/NASA Astrophysics Data System},
  language = {english}
}

@ARTICLE{sdss,
   author = {{Abazajian}, K.~N. and {Adelman-McCarthy}, J.~K. and {Ag{\"u}eros}, M.~A. and 
	{Allam}, S.~S. and {Allende Prieto}, C. and {An}, D. and {Anderson}, K.~S.~J. and 
	{Anderson}, S.~F. and {Annis}, J. and {Bahcall}, N.~A. and et al.},
    title = "{The Seventh Data Release of the Sloan Digital Sky Survey}",
  journal = {\apjs},
archivePrefix = "arXiv",
   eprint = {0812.0649},
 keywords = {atlases, catalogs, surveys},
     year = 2009,
   volume = 182,
      eid = {543},
    pages = {543-558},
      doi = {10.1088/0067-0049/182/2/543},
   adsurl = {http://adsabs.harvard.edu/abs/2009ApJS..182..543A},
  adsnote = {Provided by the SAO/NASA Astrophysics Data System},
  language = {english}
}

@PROCEEDINGS{iras,
    title = "{Infrared astronomical satellite (IRAS) catalogs and atlases. Volume 1: Explanatory supplement}",
 keywords = {All Sky Photography, Catalogs, Indexes (Documentation), Infrared Astronomy Satellite, Cosmology, Galaxies, Star Formation, Stellar Evolution},
booktitle = {Infrared astronomical satellite (IRAS) catalogs and atlases. Volume 1: Explanatory supplement},
     year = 1988,
   volume = 1,
   editor = {{Beichman}, C.~A. and {Neugebauer}, G. and {Habing}, H.~J. and 
	{Clegg}, P.~E. and {Chester}, T.~J.},
   adsurl = {http://adsabs.harvard.edu/abs/1988iras....1.....B},
  adsnote = {Provided by the SAO/NASA Astrophysics Data System},
  language = {english}
}

@ARTICLE{wmapresults,
   author = {{Bennett}, C.~L. and {Halpern}, M. and {Hinshaw}, G. and {Jarosik}, N. and 
	{Kogut}, A. and {Limon}, M. and {Meyer}, S.~S. and {Page}, L. and 
	{Spergel}, D.~N. and {Tucker}, G.~S. and {Wollack}, E. and {Wright}, E.~L. and 
	{Barnes}, C. and {Greason}, M.~R. and {Hill}, R.~S. and {Komatsu}, E. and 
	{Nolta}, M.~R. and {Odegard}, N. and {Peiris}, H.~V. and {Verde}, L. and 
	{Weiland}, J.~L.},
    title = "{First-Year Wilkinson Microwave Anisotropy Probe (WMAP) Observations: Preliminary Maps and Basic Results}",
  journal = {\apjs},
   eprint = {astro-ph/0302207},
 keywords = {Cosmology: Cosmic Microwave Background, Cosmology: Observations, Cosmology: Dark Matter, Cosmology: Early Universe, Instrumentation: Detectors, Space Vehicles: Instruments},
     year = 2003,
   volume = 148,
    pages = {1-27},
      doi = {10.1086/377253},
   adsurl = {http://adsabs.harvard.edu/abs/2003ApJS..148....1B},
  adsnote = {Provided by the SAO/NASA Astrophysics Data System},
  language = {english}
}

@ARTICLE{wmap3y,
   author = {{Hinshaw}, G. and {Nolta}, M.~R. and {Bennett}, C.~L. and {Bean}, R. and 
	{Dor{\'e}}, O. and {Greason}, M.~R. and {Halpern}, M. and {Hill}, R.~S. and 
	{Jarosik}, N. and {Kogut}, A. and {Komatsu}, E. and {Limon}, M. and 
	{Odegard}, N. and {Meyer}, S.~S. and {Page}, L. and {Peiris}, H.~V. and 
	{Spergel}, D.~N. and {Tucker}, G.~S. and {Verde}, L. and {Weiland}, J.~L. and 
	{Wollack}, E. and {Wright}, E.~L.},
    title = "{Three-Year Wilkinson Microwave Anisotropy Probe (WMAP) Observations: Temperature Analysis}",
  journal = {\apjs},
   eprint = {astro-ph/0603451},
 keywords = {Cosmology: Cosmic Microwave Background, Cosmology: Observations, Cosmology: Dark Matter, Cosmology: Early Universe, Instrumentation: Detectors, Space Vehicles: Instruments, Telescopes},
     year = 2007,
   volume = 170,
    pages = {288-334},
      doi = {10.1086/513698},
   adsurl = {http://adsabs.harvard.edu/abs/2007ApJS..170..288H},
  adsnote = {Provided by the SAO/NASA Astrophysics Data System},
  language = {english}
}


@ARTICLE{wmap5y,
   author = {{Hinshaw}, G. and {Weiland}, J.~L. and {Hill}, R.~S. and {Odegard}, N. and 
  {Larson}, D. and {Bennett}, C.~L. and {Dunkley}, J. and {Gold}, B. and 
  {Greason}, M.~R. and {Jarosik}, N. and {Komatsu}, E. and {Nolta}, M.~R. and 
  {Page}, L. and {Spergel}, D.~N. and {Wollack}, E. and {Halpern}, M. and 
  {Kogut}, A. and {Limon}, M. and {Meyer}, S.~S. and {Tucker}, G.~S. and 
  {Wright}, E.~L.},
    title = "{Five-Year Wilkinson Microwave Anisotropy Probe Observations: Data Processing, Sky Maps, and Basic Results}",
  journal = {\apjs},
archivePrefix = "arXiv",
   eprint = {0803.0732},
 keywords = {cosmic microwave background, cosmology: observations, early universe, dark matter, space vehicles, space vehicles: instruments, instrumentation: detectors, telescopes},
     year = 2009,
   volume = 180,
    pages = {225-245},
      doi = {10.1088/0067-0049/180/2/225},
   adsurl = {http://adsabs.harvard.edu/abs/2009ApJS..180..225H},
  adsnote = {Provided by the SAO/NASA Astrophysics Data System}
}

@ARTICLE{wmap7y,
   author = {{Jarosik}, N. and {Bennett}, C.~L. and {Dunkley}, J. and {Gold}, B. and 
	{Greason}, M.~R. and {Halpern}, M. and {Hill}, R.~S. and {Hinshaw}, G. and 
	{Kogut}, A. and {Komatsu}, E. and {Larson}, D. and {Limon}, M. and 
	{Meyer}, S.~S. and {Nolta}, M.~R. and {Odegard}, N. and {Page}, L. and 
	{Smith}, K.~M. and {Spergel}, D.~N. and {Tucker}, G.~S. and 
	{Weiland}, J.~L. and {Wollack}, E. and {Wright}, E.~L.},
    title = "{Seven-year Wilkinson Microwave Anisotropy Probe (WMAP) Observations: Sky Maps, Systematic Errors, and Basic Results}",
  journal = {\apjs},
archivePrefix = "arXiv",
   eprint = {1001.4744},
 primaryClass = "astro-ph.CO",
 keywords = {cosmic background radiation, space vehicles: instruments},
     year = 2011,
   volume = 192,
      eid = {14},
    pages = {14},
      doi = {10.1088/0067-0049/192/2/14},
   adsurl = {http://adsabs.harvard.edu/abs/2011ApJS..192...14J},
  adsnote = {Provided by the SAO/NASA Astrophysics Data System},
  language = {english}
}

@ARTICLE{rosat,
   author = {{Voges}, W. and {Aschenbach}, B. and {Boller}, T. and {Br{\"a}uninger}, H. and 
	{Briel}, U. and {Burkert}, W. and {Dennerl}, K. and {Englhauser}, J. and 
	{Gruber}, R. and {Haberl}, F. and {Hartner}, G. and {Hasinger}, G. and 
	{K{\"u}rster}, M. and {Pfeffermann}, E. and {Pietsch}, W. and 
	{Predehl}, P. and {Rosso}, C. and {Schmitt}, J.~H.~M.~M. and 
	{Tr{\"u}mper}, J. and {Zimmermann}, H.~U.},
    title = "{The ROSAT all-sky survey bright source catalogue}",
  journal = {\aap},
   eprint = {astro-ph/9909315},
 keywords = {CATALOGS, SURVEYS, X-RAYS: GENERAL},
     year = 1999,
   volume = 349,
    pages = {389-405},
   adsurl = {http://adsabs.harvard.edu/abs/1999A%26A...349..389V},
  adsnote = {Provided by the SAO/NASA Astrophysics Data System},
  language = {english}
}

@ARTICLE{healpix,
   author = {{G{\'o}rski}, K.~M. and {Hivon}, E. and {Banday}, A.~J. and 
	{Wandelt}, B.~D. and {Hansen}, F.~K. and {Reinecke}, M. and 
	{Bartelmann}, M.},
    title = "{HEALPix: A Framework for High-Resolution Discretization and Fast Analysis of Data Distributed on the Sphere}",
  journal = {\apj},
   eprint = {astro-ph/0409513},
 keywords = {Cosmology: Cosmic Microwave Background, Cosmology: Observations, Methods: Statistical},
     year = 2005,
   volume = 622,
    pages = {759-771},
      doi = {10.1086/427976},
   adsurl = {http://adsabs.harvard.edu/abs/2005ApJ...622..759G},
  adsnote = {Provided by the SAO/NASA Astrophysics Data System},
  language = {english}
}

@ARTICLE{planck_isotr,
   author = {{Planck Collaboration} and {Ade}, P.~A.~R. and {Aghanim}, N. and 
	{Armitage-Caplan}, C. and {Arnaud}, M. and {Ashdown}, M. and 
	{Atrio-Barandela}, F. and {Aumont}, J. and {Baccigalupi}, C. and 
	{Banday}, A.~J. and et al.},
    title = "{Planck 2013 results. XXIII. Isotropy and statistics of the CMB}",
  journal = {ArXiv e-prints},
archivePrefix = "arXiv",
   eprint = {1303.5083},
 primaryClass = "astro-ph.CO",
 keywords = {Astrophysics - Cosmology and Extragalactic Astrophysics},
     year = 2013,
   adsurl = {http://adsabs.harvard.edu/abs/2013arXiv1303.5083P},
  adsnote = {Provided by the SAO/NASA Astrophysics Data System},
  language = {english}
}

@INPROCEEDINGS{cats0,
   author = {{Verkhodanov}, O.~V. and {Trushkin}, S.~A. and {Andernach}, H. and 
	{Chernenkov}, V.~N.},
    title = "{The CATS Database to Operate with Astrophysical Catalogs}",
booktitle = {Astronomical Data Analysis Software and Systems VI},
     year = 1997,
   series = {Astronomical Society of the Pacific Conference Series},
   volume = 125,
   eprint = {astro-ph/9610262},
   editor = {{Hunt}, G. and {Payne}, H.},
    pages = {322},
   adsurl = {http://adsabs.harvard.edu/abs/1997ASPC..125..322V},
  adsnote = {Provided by the SAO/NASA Astrophysics Data System},
  language = {english}
}

@ARTICLE{cats0a,
   author = {{Verkhodanov}, O.~V. and {Trushkin}, S.~A. and {Chernenkov}, V.~N. and 
	{Andernach}, H.},
    title = "{CATS -- The Largest Radio Astronomical Database: Extragalactic Facilities}",
  journal = {Baltic Astronomy},
 keywords = {DATABASES, CATALOGS: EXTRAGALACTIC},
     year = 2000,
   volume = 9,
    pages = {604-607},
   adsurl = {http://adsabs.harvard.edu/abs/2000BaltA...9..604V},
  adsnote = {Provided by the SAO/NASA Astrophysics Data System},
  language = {english}
}

@ARTICLE{cats1,
   author = {{Verkhodanov}, O.~V. and {Trushkin}, S.~A. and {Andernach}, H. and 
	{Chernenkov}, V.~N.},
    title = "{Current status of the CATS database.}",
  journal = {Bulletin of the Special Astrophysics Observatory},
archivePrefix = "arXiv",
   eprint = {0705.2959},
 keywords = {astronomical data bases: catalogs, radio astronomy: radio sources},
     year = 2005,
   volume = 58,
    pages = {118-129},
   adsurl = {http://adsabs.harvard.edu/abs/2005BSAO...58..118V},
  adsnote = {Provided by the SAO/NASA Astrophysics Data System},
  language = {english}
}

@ARTICLE{cats2,
   author = {{Verkhodanov}, O.~V. and {Trushkin}, S.~A. and {Andernach}, H. and 
	{Chernenkov}, V.~N.},
    title = "{The CATS Service: An Astrophysical Research Tool}",
  journal = {Data Science Journal},
archivePrefix = "arXiv",
   eprint = {0901.3118},
 primaryClass = "astro-ph.IM",
     year = 2009,
   volume = 8,
    pages = {34-40},
      doi = {10.2481/dsj.8.34},
   adsurl = {http://adsabs.harvard.edu/abs/2009DatSJ...8...34V},
  adsnote = {Provided by the SAO/NASA Astrophysics Data System},
  language = {english}
}

@ARTICLE{sed2,
   author = {{Verkhodanov}, O.~V. and {Kopylov}, A.~I. and {Zhelenkova}, O.~P. and 
	{Verkhodanova}, N.~V. and {Chernenkov}, V.~N. and {Parijskij}, Y.~N. and 
	{Soboleva}, N.~S. and {Temirova}, A.~V.},
    title = "{Creation of a database of spectral energy distributions of radio galaxies.}",
  journal = {Baltic Astronomy},
     year = 2000,
   volume = 9,
    pages = {668-669},
   adsurl = {http://adsabs.harvard.edu/abs/2000BaltA...9..668V},
  adsnote = {Provided by the SAO/NASA Astrophysics Data System},
  language = {english}
}

@ARTICLE{sed1,
   author = {{Verkhodanov}, O.~V. and {Kopylov}, A.~I. and {Zhelenkova}, O.~P. and 
	{Verkhodanova}, N.~V. and {Chernenkov}, V.~N. and {Parijskij}, Y.~N. and 
	{Soboleva}, N.~S. and {Temirova}, A.~V.},
    title = "{The software system ``Evolution of radio galaxies''}",
  journal = {Astronomical and Astrophysical Transactions},
   eprint = {astro-ph/9912359},
 keywords = {radio galaxies: evolution: synthetic spectra, redshift: photometry},
     year = 2000,
   volume = 19,
    pages = {662},
   adsurl = {http://adsabs.harvard.edu/abs/2000A%26AT...19..662V},
  adsnote = {Provided by the SAO/NASA Astrophysics Data System},
  language = {english}
}

@ARTICLE{glesp3,
   author = {{Doroshkevich}, A.~G. and {Verkhodanov}, O.~V. and {Naselsky}, P.~D. and 
	{Kim}, J. and {Novikov}, D.~I. and {Turchaninov}, V.~I. and 
	{Novikov}, I.~D. and {Chiang}, L.-Y. and {Hansen}, M.},
    title = "{The Gauss-Legendre Sky Pixelization for the CMB Polarization Glesp-Pol Errors due to Pixelization of the CMB Sky}",
  journal = {International Journal of Modern Physics D},
archivePrefix = "arXiv",
   eprint = {0904.2517},
 primaryClass = "astro-ph.CO",
 keywords = {Cosmic microwave background, data analysis},
     year = 2011,
   volume = 20,
    pages = {1053-1078},
      doi = {10.1142/S0218271811019219},
   adsurl = {http://adsabs.harvard.edu/abs/2011IJMPD..20.1053D},
  adsnote = {Provided by the SAO/NASA Astrophysics Data System},
  language = {english}
}




@ARTICLE{fits,
   author = {{Hanisch}, R.~J. and {Farris}, A. and {Greisen}, E.~W. and {Pence}, W.~D. and 
    {Schlesinger}, B.~M. and {Teuben}, P.~J. and {Thompson}, R.~W. and 
    {Warnock}, III, A.},
    title = "{Definition of the Flexible Image Transport System (FITS)}",
  journal = {Astropart. Phys.},
 keywords = {INSTRUMENTATION: MISCELLANEOUS, METHODS: MISCELLANEOUS, TECHNIQUES: MISCELLANEOUS, ASTRONOMICAL DATABASES: MISCELLANEOUS},
     year = 2001,
   volume = 376,
    pages = {359-380},
      doi = {10.1051/0004-6361:20010923},
   adsurl = {http://adsabs.harvard.edu/abs/2001A%26A...376..359H},
  adsnote = {Provided by the SAO/NASA Astrophysics Data System},
  language = {english}
}

@ARTICLE{fits_basic,
   author = {{Wells}, D.~C. and {Greisen}, E.~W. and {Harten}, R.~H.},
    title = "{FITS - a Flexible Image Transport System}",
  journal = {Astronomy and Astrophysics Supplement},
     year = 1981,
   volume = 44,
    pages = {363},
   adsurl = {http://adsabs.harvard.edu/abs/1981A%26AS...44..363W},
  adsnote = {Provided by the SAO/NASA Astrophysics Data System},
  language = {english}
}

@ARTICLE{odd_univer,
   author = {{Land}, K. and {Magueijo}, J.},
    title = "{Is the Universe odd?}",
  journal = {Physical Review D},
   eprint = {astro-ph/0507289},
 keywords = {Background radiations},
     year = 2005,
   volume = 72,
   number = 10,
      eid = {101302},
    pages = {101302},
      doi = {10.1103/PhysRevD.72.101302},
   adsurl = {http://adsabs.harvard.edu/abs/2005PhRvD..72j1302L},
  adsnote = {Provided by the SAO/NASA Astrophysics Data System},
  language = {english}
}

@CONFERENCE{antisymm1,
  author = {{Verkhodanov}, O.~V. and {Naselsky}, P.~D. and {Chiang},  L.-Y.},
  title = {Review of non-Gaussianity at low and high multipoles from WMAP data},
  booktitle = {{\it Particles and Cosmology}, Proc. 14th Internat. School},
  year = {2008},
  pages = {119},
  language = {english}
}

@CONFERENCE{antisymm2,
  author = {{Verkhodanov}, O.~V.},
  title = {CMB data analysis: methods and problems},
  booktitle = {Proc. Internat. Conf. ``Problems of
       Practical Cosmology''},
  year = {2008},
  pages = {206},
  language = {english}
}

@ARTICLE{2mass,
   author = {{Skrutskie}, M.~F. and {Cutri}, R.~M. and {Stiening}, R. and 
    {Weinberg}, M.~D. and {Schneider}, S. and {Carpenter}, J.~M. and 
    {Beichman}, C. and {Capps}, R. and {Chester}, T. and {Elias}, J. and 
    {Huchra}, J. and {Liebert}, J. and {Lonsdale}, C. and {Monet}, D.~G. and 
    {Price}, S. and {Seitzer}, P. and {Jarrett}, T. and {Kirkpatrick}, J.~D. and 
    {Gizis}, J.~E. and {Howard}, E. and {Evans}, T. and {Fowler}, J. and 
    {Fullmer}, L. and {Hurt}, R. and {Light}, R. and {Kopan}, E.~L. and 
    {Marsh}, K.~A. and {McCallon}, H.~L. and {Tam}, R. and {Van Dyk}, S. and 
    {Wheelock}, S.},
    title = "{The Two Micron All Sky Survey (2MASS)}",
  journal = {The Astronomical Journal},
 keywords = {Catalogs, Infrared: General, Surveys},
     year = 2006,
   volume = 131,
    pages = {1163-1183},
      doi = {10.1086/498708},
   adsurl = {http://adsabs.harvard.edu/abs/2006AJ....131.1163S},
  adsnote = {Provided by the SAO/NASA Astrophysics Data System},
  language = {english}
}

@ARTICLE{planck_cat,
   author = {{Planck Collaboration} and {Ade}, P.~A.~R. and {Aghanim}, N. and 
    {Arnaud}, M. and {Ashdown}, M. and {Aumont}, J. and {Baccigalupi}, C. and 
    {Balbi}, A. and {Banday}, A.~J. and {Barreiro}, R.~B. and et al.},
    title = "{Planck early results. VII. The Early Release Compact Source Catalogue}",
  journal = {Astronomy \& Astrophysics},
archivePrefix = "arXiv",
   eprint = {1101.2041},
 primaryClass = "astro-ph.CO",
 keywords = {cosmology: observations, surveys, catalogs, radio continuum: general, submillimeter: general},
     year = 2011,
   volume = 536,
      eid = {A7},
    pages = {A7},
      doi = {10.1051/0004-6361/201116474},
   adsurl = {http://adsabs.harvard.edu/abs/2011A%26A...536A...7P},
  adsnote = {Provided by the SAO/NASA Astrophysics Data System},
  language = {english}
}

@ARTICLE{swe_map,
   author = {{Dup{\'e}}, F.-X. and {Rassat}, A. and {Starck}, J.-L. and {Fadili}, M.~J.
    },
    title = "{Measuring the integrated Sachs-Wolfe effect}",
  journal = {Astronomy \& Astrophysics},
archivePrefix = "arXiv",
   eprint = {1010.2192},
 primaryClass = "astro-ph.CO",
 keywords = {methods: data analysis, cosmic background radiation, large-scale structure of Universe, dark energy, dark matter, methods: statistical},
     year = 2011,
   volume = 534,
      eid = {A51},
    pages = {A51},
      doi = {10.1051/0004-6361/201015893},
   adsurl = {http://adsabs.harvard.edu/abs/2011A%26A...534A..51D},
  adsnote = {Provided by the SAO/NASA Astrophysics Data System},
  language = {english}
}

@ARTICLE{mag_stream,
   author = {{Nidever}, D.~L. and {Majewski}, S.~R. and {Butler Burton}, W. and
    {Nigra}, L.},
    title = "{The {$200^\circ$} Long Magellanic Stream System}",
  journal = {The Astrophysical Journal},
archivePrefix = "arXiv",
   eprint = {1009.0001},
 primaryClass = "astro-ph.GA",
 keywords = {galaxies: interactions, galaxies: kinematics and dynamics, Galaxy: halo, intergalactic medium, ISM: atoms, Local Group, Magellanic Clouds},
     year = 2010,
   volume = 723,
    pages = {1618-1631},
      doi = {10.1088/0004-637X/723/2/1618},
   adsurl = {http://adsabs.harvard.edu/abs/2010ApJ...723.1618N},
  adsnote = {Provided by the SAO/NASA Astrophysics Data System},
  language = {english}
}


@ARTICLE{wmap9y,
    author = {{Bennett}, C.~L. and {Larson},  D. and {Weiland},  J.~L.},
    title = {Infrared astronomical satellite (IRAS) catalogs and atlases},
    journal = {ApJS},
    year = {2013},
    volume = {208},
    pages = {54},
    language = {english}
}

@ARTICLE{planck1,
   author = {{Planck Collaboration} and {Ade}, P.~A.~R. and {Aghanim}, N. and 
    {Armitage-Caplan}, C. and {Arnaud}, M. and {Ashdown}, M. and 
    {Atrio-Barandela}, F. and {Aumont}, J. and {Baccigalupi}, C. and 
    {Banday}, A.~J. and et al.},
    title = {Planck 2013 results. I. Overview of products and scientific results},
  journal = {ArXiv e-prints},
   eprint = {1303.5062},
     year = {2013},
    language = {english}
}




 



@ARTICLE{nong_ufn,
    author = {O.~В.~Верходанов},
    title = {Поиск негауссовости в наблюдательных данных по реликтовому микроволновому фону},
    journal = {Успехи физических наук},
    year = {2012},
    volume = {182},
    pages = {1177},
}

@ARTICLE{wmaprot,
   author = {{Naiden}, Y.~V. and {Verkhodanov}, O.~V.},
    title = "{Determination of microwave background map inhomogeneity from angular power spectrum}",
  journal = {Astrophysical Bulletin},
     year = 2011,
   volume = 66,
    pages = {345-354},
      doi = {10.1134/S1990341311030072},
   adsurl = {http://adsabs.harvard.edu/abs/2011AstBu..66..345N},
  adsnote = {Provided by the SAO/NASA Astrophysics Data System},
  language = {english}
}


@BOOKLET{glespy,
    title = {Пакет программ на языке Python для моделирования
        и анализа данных космического микрволнового фона},
    author = {Я.~В.~Найден},
    year = {2013},
    nite = {\url{https://pypi.python.org/pypi/glespy}},
    url = {\url{https://pypi.python.org/pypi/glespy}}
}


@CONFERENCE{corr1d2,
  author = {{Khabibullina}, M.~L. and
    {Verkhodanov}, O.~V. and
    {Parijskij}, Yu.~N.},
  booktitle = {Proc. Int. Conf. on Problems
  of Practical Cosmology},
  year = {2008},
    OPTdata = {, in Proc. Int. Conf. on Problems
    of Practical Cosmology, Ed. by Yu. Baryshev,
    I. N. Taganov, and P. Teerikorpi (Russian
    Geographical Society, St.Petersburg, 2008), Vol. II,
    p. 239.},
  language = {english}
}

@ARTICLE{mosaik1,
   author = {{Verkhodanov}, O.~V. and {Khabibullina}, M.~L. and {Majorova}, E.~K.
  },
    title = "{Tessellated mapping of cosmic background radiation correlations and source distributions}",
  journal = {Astrophysical Bulletin},
archivePrefix = "arXiv",
   eprint = {0912.3073},
 primaryClass = "astro-ph.CO",
 keywords = {95.75.-z, 98.62.Ve, 98.70.Dk, 98.70.Vc, 98.80.-k},
     year = 2009,
   volume = 64,
    pages = {263-269},
      doi = {10.1134/S1990341309030055},
   adsurl = {http://adsabs.harvard.edu/abs/2009AstBu..64..263V},
  adsnote = {Provided by the SAO/NASA Astrophysics Data System},
  language = {english}
}

@ARTICLE{1dsm1,
   author = {{Naiden}, Y.~V. and {Verkhodanov}, O.~V.},
    title = "{Determination of microwave background map inhomogeneity from angular power spectrum}",
  journal = {Astrophysical Bulletin},
 keywords = {cosmology, CMB, data analysis},
     year = 2011,
   volume = 66,
    pages = {345-354},
      doi = {10.1134/S1990341311030072},
   adsurl = {http://adsabs.harvard.edu/abs/2011AstBu..66..345N},
  adsnote = {Provided by the SAO/NASA Astrophysics Data System},
  language = {english}
}


@ARTICLE{1dsm2,
   author = {{Naiden}, Y.~V. and {Verkhodanov}, O.~V.},
    title = "{Power spectrum distortions in CMB map one-dimensional cross-sections depending on the cosmological model. II}",
  journal = {Astrophysical Bulletin},
 keywords = {cosmic background radiation},
     year = 2013,
   volume = 68,
    pages = {465-470},
      doi = {10.1134/S1990341313040081},
   adsurl = {http://adsabs.harvard.edu/abs/2013AstBu..68..465N},
  adsnote = {Provided by the SAO/NASA Astrophysics Data System},
  language = {english}
}

@ARTICLE{webserv,
   author = {{Verkhodanov}, O.~V. and {Naiden}, Y.~V. and {Chernenkov}, V.~N and {Verkhodanova}, N.~V.},
    title = "{Database of Extended Radiation Maps and Its Access System}",
  journal = {Astrophysical Bulletin},
 keywords = {astronomical databases: miscellaneous},
     year = 2014,
   volume = 69,
    pages = {113–120},
   adsurl = {http://adsabs.harvard.edu/abs/2014AstBu..69..121N},
  adsnote = {Provided by the SAO/NASA Astrophysics Data System},
  language = {english}
}

@ARTICLE{separ1,
   author = {{Naselsky}, P.~D. and {Verkhodanov}, O.~V. and {Nielsen}, M.~T.~B.
  },
    title = "{Instability of reconstruction of the low CMB multipoles}",
  journal = {Astrophysical Bulletin},
archivePrefix = "arXiv",
   eprint = {0707.1484},
 keywords = {98.80.Es, 98.85.Bh, 95.75.-z},
     year = 2008,
   volume = 63,
    pages = {216-227},
      doi = {10.1134/S1990341308030024},
   adsurl = {http://adsabs.harvard.edu/abs/2008AstBu..63..216N},
  adsnote = {Provided by the SAO/NASA Astrophysics Data System},
  language = {english}
}

@ARTICLE{separ2,
   author = {{Naselsky}, P.~D. and {Verkhodanov}, O.~V. and {Christensen}, P.~R. and 
  {Chiang}, L.-Y.},
    title = "{On the antenna beam shape reconstruction using planet transit}",
  journal = {Astrophysical Bulletin},
   eprint = {astro-ph/0211093},
 keywords = {Astronomical and space-research instrumentation, Time series analysis time variability, Radio microwave, Observational cosmology},
     year = 2007,
   volume = 62,
    pages = {285-295},
      doi = {10.1134/S1990341307030078},
   adsurl = {http://adsabs.harvard.edu/abs/2007AstBu..62..285N},
  adsnote = {Provided by the SAO/NASA Astrophysics Data System},
  language = {english}
}


@BOOK{univerrelic,
    title = {Реликтовое излучение вселенной},
    publisher = {М.: Наука},
    year = {2003},
    editor = {академика Н.С. Кардашева},
    author = {П. Д. Насельский, Д. И. Новиков, И. Д. Новиков}
}

@BOOK{astro21,
    title = {Астрономия. Век XXI},
    publisher = {Век 2},
    year = {2008},
    editor = {В.Г. Сурдин},
    author = {{Батурин}, В. А. and {Гиндилис}, Л. М. and {Ефремов}, Ю. Н. and {Засов},  А. В. and {Миронова},  И. В. and {Попов}, С. Б. and {Прохоров}, М. Е. and  {Родионова}, Ж. Ф. and {Руденко}, В. Н. and {Сажин},  М. В. and {Самусь},  Н. Н. and {Сурдин},  В. Г. and {Хованская},  О. С. and {Черепащук},  А. М. and {Чернин},  А. Д. and {Шевченко},  В. В.}
}

@ARTICLE{cmb_nvss,
   author = {{Verkhodanov}, O.~V. and {Khabibullina}, M.~L. and {Majorova}, E.~K. and 
  {Parijskij}, Y.~N.},
    title = "{Correlation properties of the maps of the NVSS survey and WMAP ILC}",
  journal = {Astrophysical Bulletin},
archivePrefix = "arXiv",
   eprint = {0902.0281},
 keywords = {98.70.Dk, 98.70.Vc, 98.80.-k, 95.35.+d, Radio sources, Background radiations, Cosmology, Dark matter},
     year = 2008,
   volume = 63,
    pages = {366-373},
      doi = {10.1134/S1990341308040056},
   adsurl = {http://adsabs.harvard.edu/abs/2008AstBu..63..366V},
  adsnote = {Provided by the SAO/NASA Astrophysics Data System},
  language = {english}
}

@ARTICLE{parity_naselsky,
   author = {{Kim}, J. and {Naselsky}, P.},
    title = "{Anomalous parity asymmetry of WMAP 7-year power spectrum data at low multipoles: Is it cosmological or systematics?}",
  journal = {\prd},
archivePrefix = "arXiv",
   eprint = {1002.0148},
 primaryClass = "astro-ph.CO",
 keywords = {Gravitational radiation magnetic fields and other observations, Background radiations, Particle-theory and field-theory models of the early Universe, Observational cosmology},
     year = 2010,
   volume = 82,
   number = 6,
      eid = {063002},
    pages = {063002},
      doi = {10.1103/PhysRevD.82.063002},
   adsurl = {http://adsabs.harvard.edu/abs/2010PhRvD..82f3002K},
  adsnote = {Provided by the SAO/NASA Astrophysics Data System},
  language = {english}
}

@ARTICLE{ax_symm,
   author = {{Berkutov}, V.~S. and {Naiden}, Y.~V. and {Verkhodanov}, O.~V.
  },
    title = "{Axial symmetries in WMAP ILC data}",
  journal = {Astrophysical Bulletin},
     year = 2010,
   volume = 65,
    pages = {187-195},
      doi = {10.1134/S1990341310020082},
   adsurl = {http://adsabs.harvard.edu/abs/2010AstBu..65..187B},
  adsnote = {Provided by the SAO/NASA Astrophysics Data System},
  language = {english}
}

@ARTICLE{risbo,
   author = {{Risbo}, T.},
    title = "{Fourier transform summation of Legendre series and D-functions}",
  journal = {Journal of Geodesy},
 keywords = {Legendre functions, Spherical harmonics, Vector spherical harmonics, D-functions},
     year = 1996,
   volume = 70,
    pages = {383-396},
      doi = {10.1007/BF01090814},
   adsurl = {http://adsabs.harvard.edu/abs/1996JGeod..70..383R},
  adsnote = {Provided by the SAO/NASA Astrophysics Data System},
  language = {english}
}

@ARTICLE{quad_probob,
   author = {{Verkhodanov}, O.~V. and {Sokolov}, V.~V. and {Khabibullina}, M.~L. and 
  {Karpov}, S.~V.},
    title = "{GRB sky distribution puzzles}",
  journal = {Astrophysical Bulletin},
archivePrefix = "arXiv",
   eprint = {1009.3720},
 primaryClass = "astro-ph.CO",
 keywords = {Stars, gamma-ray burst, general},
     year = 2010,
   volume = 65,
    pages = {238-249},
      doi = {10.1134/S1990341310030053},
   adsurl = {http://adsabs.harvard.edu/abs/2010AstBu..65..238V},
  adsnote = {Provided by the SAO/NASA Astrophysics Data System},
 language = {english}
}

@ARTICLE{equlipt,
   author = {{Verkhodanov}, O.~V. and {Khabibullina}, M.~L.},
    title = "{Dominant multipoles in WMAP5 mosaic data correlation maps}",
  journal = {Astrophysical Bulletin},
archivePrefix = "arXiv",
   eprint = {1108.4128},
 primaryClass = "astro-ph.CO",
 keywords = {radio continuum: general},
     year = 2010,
   volume = 65,
    pages = {390-399},
      doi = {10.1134/S1990341310040061},
   adsurl = {http://adsabs.harvard.edu/abs/2010AstBu..65..390V},
  adsnote = {Provided by the SAO/NASA Astrophysics Data System},
  language = {english}
}

@ARTICLE{sw_effect,
   author = {{Sachs}, R.~K. and {Wolfe}, A.~M.},
    title = "{Perturbations of a Cosmological Model and Angular Variations of the Microwave Background}",
  journal = {\apj},
     year = 1967,
   volume = 147,
    pages = {73},
      doi = {10.1086/148982},
   adsurl = {http://adsabs.harvard.edu/abs/1967ApJ...147...73S},
  adsnote = {Provided by the SAO/NASA Astrophysics Data System},
  language= {english}
}

@ARTICLE{sz1,
   author = {{Zeldovich}, Y.~B. and {Sunyaev}, R.~A.},
    title = "{The Interaction of Matter and Radiation in a Hot-Model Universe}",
  journal = {\apss},
     year = 1969,
   volume = 4,
    pages = {301-316},
      doi = {10.1007/BF00661821},
   adsurl = {http://adsabs.harvard.edu/abs/1969Ap%26SS...4..301Z},
  adsnote = {Provided by the SAO/NASA Astrophysics Data System},
  language= {english}
}

@ARTICLE{sz2,
   author = {{Sunyaev}, R.~A. and {Zeldovich}, Y.~B.},
    title = "{Small scale entropy and adiabatic density perturbations {\textemdash} Antimatter in the Universe}",
  journal = {\apss},
     year = 1970,
   volume = 9,
    pages = {368-382},
      doi = {10.1007/BF00649577},
   adsurl = {http://adsabs.harvard.edu/abs/1970Ap%26SS...9..368S},
  adsnote = {Provided by the SAO/NASA Astrophysics Data System},
  language={english}
}

@ARTICLE{lense,
   author = {{Lewis}, A.},
    title = "{Lensed CMB simulation and parameter estimation}",
  journal = {\prd},
   eprint = {astro-ph/0502469},
 keywords = {Background radiations},
     year = 2005,
   volume = 71,
   number = 8,
      eid = {083008},
    pages = {083008},
      doi = {10.1103/PhysRevD.71.083008},
   adsurl = {http://adsabs.harvard.edu/abs/2005PhRvD..71h3008L},
  adsnote = {Provided by the SAO/NASA Astrophysics Data System},
  language={english}
}


@INPROCEEDINGS{radiogal1,
   author = {{Verkhodanov}, O.~V. and {Khabibullina}, M.~L. and {Singh}, M. and 
  {Pirya}, A. and {Verkhodanova}, N.~V. and {Nandi}, S.},
    title = "{Giant radio galaxies: problems of understanding and problems for CMB?}",
booktitle = {Problems of Practical Cosmology, Volume 2},
     year = 2008,
    pages = {247-450},
   adsurl = {http://adsabs.harvard.edu/abs/2008pc2..conf..247V},
  adsnote = {Provided by the SAO/NASA Astrophysics Data System},
  language= {english}
}

@ARTICLE{radiogal2,
   author = {{Khabibullina}, M.~L. and {Verkhodanov}, O.~V. and {Singh}, M. and 
  {Pirya}, A. and {Verkhodanova}, N.~V. and {Nandi}, S.},
    title = "{Radio spectra of giant radio galaxies from RATAN-600 data}",
  journal = {Astronomy Reports},
archivePrefix = "arXiv",
   eprint = {1009.4539},
 primaryClass = "astro-ph.CO",
     year = 2010,
   volume = 54,
    pages = {571-577},
      doi = {10.1134/S1063772910070012},
   adsurl = {http://adsabs.harvard.edu/abs/2010ARep...54..571K},
  adsnote = {Provided by the SAO/NASA Astrophysics Data System},
  language= {english}
}

@ARTICLE{radiogal3,
   author = {{Khabibullina}, M.~L. and {Verkhodanov}, O.~V. and {Singh}, M. and 
  {Pyria}, A. and {Nandi}, S. and {Verkhodanova}, N.~V.},
    title = "{A study of giant radio galaxies at RATAN-600}",
  journal = {Astrophysical Bulletin},
archivePrefix = "arXiv",
   eprint = {1108.4490},
 primaryClass = "astro-ph.CO",
 keywords = {Radio lines, galaxies - techniques, radar astronomy},
     year = 2011,
   volume = 66,
    pages = {171-182},
      doi = {10.1134/S1990341311020040},
   adsurl = {http://adsabs.harvard.edu/abs/2011AstBu..66..171K},
  adsnote = {Provided by the SAO/NASA Astrophysics Data System},
  language= {english}
}
@ARTICLE{radiogal4,
   author = {{Solovyov}, D.~I. and {Verkhodanov}, O.~V.},
    title = "{A search for faint giant radio galaxies in the NVSS survey}",
  journal = {Astrophysical Bulletin},
 keywords = {radio continuum: galaxies, galaxies: general},
     year = 2011,
   volume = 66,
    pages = {416-423},
      doi = {10.1134/S1990341311040031},
   adsurl = {http://adsabs.harvard.edu/abs/2011AstBu..66..416S},
  adsnote = {Provided by the SAO/NASA Astrophysics Data System},
  language= {english}
}


@ARTICLE{mass2,
  author = {{Cutri}, R.~M. and {Skrutskie}, M.~F. and {Dyk}, S.~Van and
    {Chester}, T. and {Cambresy}, L. and {Evans}, T. and {Fowler}, J. and {Gizis}, J. and {Howard}, E.},
  title = {\textit{Explanatory Supplement to the 2MASS Second Incremental Data Release}},
  year = {2002},
  url = {http://www.ipac.caltech.edu/2mass},
  language = {english}
}

@ARTICLE{2masx,
  author = {2MASS Team},
  title  = {2MASS Second Incremental Data Release Catalogs and Tables},
  year = {2002},
  language = {english}}
}

@ARTICLE{mrs2,
   author = {{Huchra}, J.~P. and {Macri}, L.~M. and {Masters}, K.~L. and 
  {Jarrett}, T.~H. and {Berlind}, P. and {Calkins}, M. and {Crook}, A.~C. and 
  {Cutri}, R. and {Erdo{\v g}du}, P. and {Falco}, E. and {George}, T. and 
  {Hutcheson}, C.~M. and {Lahav}, O. and {Mader}, J. and {Mink}, J.~D. and 
  {Martimbeau}, N. and {Schneider}, S. and {Skrutskie}, M. and 
  {Tokarz}, S. and {Westover}, M.},
    title = "{The 2MASS Redshift Survey{\textemdash}Description and Data Release}",
  journal = {\apjs},
archivePrefix = "arXiv",
   eprint = {1108.0669},
 primaryClass = "astro-ph.CO",
 keywords = {catalogs, galaxies: distances and redshifts, surveys},
     year = 2012,
   volume = 199,
      eid = {26},
    pages = {26},
      doi = {10.1088/0067-0049/199/2/26},
   adsurl = {http://adsabs.harvard.edu/abs/2012ApJS..199...26H},
  adsnote = {Provided by the SAO/NASA Astrophysics Data System},
  language= {english}
}

@ARTICLE{yadav,
   author = {{Yadav}, J. and {Bharadwaj}, S. and {Pandey}, B. and {Seshadri}, T.~R.
  },
    title = "{Testing homogeneity on large scales in the Sloan Digital Sky Survey Data Release One}",
  journal = {\mnras},
   eprint = {astro-ph/0504315},
 keywords = {methods: numerical, galaxies: statistics, cosmology: theory, large-scale structure of Universe},
     year = 2005,
   volume = 364,
    pages = {601-606},
      doi = {10.1111/j.1365-2966.2005.09578.x},
   adsurl = {http://adsabs.harvard.edu/abs/2005MNRAS.364..601Y},
  adsnote = {Provided by the SAO/NASA Astrophysics Data System},
  language= {english}
}

@ARTICLE{sarkar,
   author = {{Sarkar}, P. and {Yadav}, J. and {Pandey}, B. and {Bharadwaj}, S.
  },
    title = "{The scale of homogeneity of the galaxy distribution in SDSS DR6}",
  journal = {\mnras},
archivePrefix = "arXiv",
   eprint = {0906.3431},
 primaryClass = "astro-ph.CO",
 keywords = {methods: numerical , galaxies: statistics , cosmology: theory , large-scale structure of Universe},
     year = 2009,
   volume = 399,
    pages = {L128-L131},
      doi = {10.1111/j.1745-3933.2009.00738.x},
   adsurl = {http://adsabs.harvard.edu/abs/2009MNRAS.399L.128S},
  adsnote = {Provided by the SAO/NASA Astrophysics Data System},
  language= {english}
}

@ARTICLE{labini_baryshev,
   author = {{Sylos Labini}, F. and {Baryshev}, Y.~V.},
    title = "{Testing the Copernican and Cosmological Principles in the local universe with galaxy surveys}",
  journal = {\jcap},
archivePrefix = "arXiv",
   eprint = {1006.0801},
 primaryClass = "astro-ph.CO",
     year = 2010,
   volume = 6,
      eid = {021},
    pages = {21},
      doi = {10.1088/1475-7516/2010/06/021},
   adsurl = {http://adsabs.harvard.edu/abs/2010JCAP...06..021S},
  adsnote = {Provided by the SAO/NASA Astrophysics Data System},
  language= {english}
}

@ARTICLE{jubilee,
   author = {{Watson}, W.~A. and {Iliev}, I.~T. and {Diego}, J.~M. and {Gottl{\"o}ber}, S. and 
  {Knebe}, A. and {Mart{\'{\i}}nez-Gonz{\'a}lez}, E. and {Yepes}, G.
  },
    title = "{Statistics of extreme objects in the Juropa Hubble Volume simulation}",
  journal = {\mnras},
archivePrefix = "arXiv",
   eprint = {1305.1976},
 primaryClass = "astro-ph.CO",
 keywords = {methods: numerical, galaxies: haloes, large-scale structure of Universe},
     year = 2014,
   volume = 437,
    pages = {3776-3786},
      doi = {10.1093/mnras/stt2173},
   adsurl = {http://adsabs.harvard.edu/abs/2014MNRAS.437.3776W},
  adsnote = {Provided by the SAO/NASA Astrophysics Data System},
  language = {english}
}





@ARTICLE{planck_lf,
   author = {{Planck Collaboration} and {Aghanim}, N. and {Armitage-Caplan}, C. and 
  {Arnaud}, M. and {Ashdown}, M. and {Atrio-Barandela}, F. and 
  {Aumont}, J. and {Baccigalupi}, C. and {Banday}, A.~J. and {Barreiro}, R.~B. and et al.},
    title = "{Planck 2013 results. II. Low Frequency Instrument data processing}",
  journal = {ArXiv e-prints},
archivePrefix = "arXiv",
   eprint = {1303.5063},
 primaryClass = "astro-ph.IM",
 keywords = {Astrophysics - Instrumentation and Methods for Astrophysics},
     year = 2013,
   adsurl = {http://adsabs.harvard.edu/abs/2013arXiv1303.5063P},
  adsnote = {Provided by the SAO/NASA Astrophysics Data System},
  language = {english}
}

@ARTICLE{planck_hf,
   author = {{Planck Collaboration} and {Ade}, P.~A.~R. and {Aghanim}, N. and 
  {Armitage-Caplan}, C. and {Arnaud}, M. and {Ashdown}, M. and 
  {Atrio-Barandela}, F. and {Aumont}, J. and {Baccigalupi}, C. and 
  {Banday}, A.~J. and et al.},
    title = "{Planck 2013 results. VI. High Frequency Instrument data processing}",
  journal = {ArXiv e-prints},
archivePrefix = "arXiv",
   eprint = {1303.5067},
 primaryClass = "astro-ph.CO",
 keywords = {Astrophysics - Cosmology and Extragalactic Astrophysics, Astrophysics - Instrumentation and Methods for Astrophysics},
     year = 2013,
   adsurl = {http://adsabs.harvard.edu/abs/2013arXiv1303.5067P},
  adsnote = {Provided by the SAO/NASA Astrophysics Data System},
  language = {english}
}


@ARTICLE{planck_sky_emit,
   author = {{Planck Collaboration} and {Abergel}, A. and {Ade}, P.~A.~R. and 
  {Aghanim}, N. and {Alina}, D. and {Alves}, M.~I.~R. and {Aniano}, G. and 
  {Armitage-Caplan}, C. and {Arnaud}, M. and {Ashdown}, M. and et al.},
    title = "{Planck 2013 results. XI. All-sky model of thermal dust emission}",
  journal = {ArXiv e-prints},
archivePrefix = "arXiv",
   eprint = {1312.1300},
 primaryClass = "astro-ph.GA",
 keywords = {Astrophysics - Galaxy Astrophysics, Astrophysics - Cosmology and Extragalactic Astrophysics},
     year = 2013,
   adsurl = {http://adsabs.harvard.edu/abs/2013arXiv1312.1300P},
  adsnote = {Provided by the SAO/NASA Astrophysics Data System},
  language = {english}
}


@ARTICLE{planck_comp_separ,
   author = {{Planck Collaboration} and {Ade}, P.~A.~R. and {Aghanim}, N. and 
  {Armitage-Caplan}, C. and {Arnaud}, M. and {Ashdown}, M. and 
  {Atrio-Barandela}, F. and {Aumont}, J. and {Baccigalupi}, C. and 
  {Banday}, A.~J. and et al.},
    title = "{Planck 2013 results. XII. Component separation}",
  journal = {ArXiv e-prints},
archivePrefix = "arXiv",
   eprint = {1303.5072},
 primaryClass = "astro-ph.CO",
 keywords = {Astrophysics - Cosmology and Extragalactic Astrophysics},
     year = 2013,
   adsurl = {http://adsabs.harvard.edu/abs/2013arXiv1303.5072P},
  adsnote = {Provided by the SAO/NASA Astrophysics Data System},
  language = {english}
}


@ARTICLE{planck_gal_co,
   author = {{Planck Collaboration} and {Ade}, P.~A.~R. and {Aghanim}, N. and 
  {Alves}, M.~I.~R. and {Armitage-Caplan}, C. and {Arnaud}, M. and 
  {Ashdown}, M. and {Atrio-Barandela}, F. and {Aumont}, J. and 
  {Baccigaluppi}, C. and et al.},
    title = "{Planck 2013 results. XIII. Galactic CO emission}",
  journal = {ArXiv e-prints},
archivePrefix = "arXiv",
   eprint = {1303.5073},
 primaryClass = "astro-ph.GA",
 keywords = {Astrophysics - Galaxy Astrophysics, Astrophysics - Cosmology and Extragalactic Astrophysics},
     year = 2013,
   adsurl = {http://adsabs.harvard.edu/abs/2013arXiv1303.5073P},
  adsnote = {Provided by the SAO/NASA Astrophysics Data System},
  language = {english}
}


@ARTICLE{planck_zod,
   author = {{Planck Collaboration} and {Ade}, P.~A.~R. and {Aghanim}, N. and 
  {Armitage-Caplan}, C. and {Arnaud}, M. and {Ashdown}, M. and 
  {Atrio-Barandela}, F. and {Aumont}, J. and {Baccigalupi}, C. and 
  {Banday}, A.~J. and et al.},
    title = "{Planck 2013 results. XIV. Zodiacal emission}",
  journal = {ArXiv e-prints},
archivePrefix = "arXiv",
   eprint = {1303.5074},
 primaryClass = "astro-ph.CO",
 keywords = {Astrophysics - Cosmology and Extragalactic Astrophysics},
     year = 2013,
   adsurl = {http://adsabs.harvard.edu/abs/2013arXiv1303.5074P},
  adsnote = {Provided by the SAO/NASA Astrophysics Data System},
  language = {english}
}


@ARTICLE{planck_ps,
   author = {{Planck collaboration} and {Ade}, P.~A.~R. and {Aghanim}, N. and 
  {Armitage-Caplan}, C. and {Arnaud}, M. and {Ashdown}, M. and 
  {Atrio-Barandela}, F. and {Aumont}, J. and {Baccigalupi}, C. and 
  {Banday}, A.~J. and et al.},
    title = "{Planck 2013 results. XV. CMB power spectra and likelihood}",
  journal = {ArXiv e-prints},
archivePrefix = "arXiv",
   eprint = {1303.5075},
 primaryClass = "astro-ph.CO",
 keywords = {Astrophysics - Cosmology and Extragalactic Astrophysics},
     year = 2013,
   adsurl = {http://adsabs.harvard.edu/abs/2013arXiv1303.5075P},
  adsnote = {Provided by the SAO/NASA Astrophysics Data System},
  language = {english}
}


@ARTICLE{planck_cosmo_params,
   author = {{Planck Collaboration} and {Ade}, P.~A.~R. and {Aghanim}, N. and 
  {Armitage-Caplan}, C. and {Arnaud}, M. and {Ashdown}, M. and 
  {Atrio-Barandela}, F. and {Aumont}, J. and {Baccigalupi}, C. and 
  {Banday}, A.~J. and et al.},
    title = "{Planck 2013 results. XVI. Cosmological parameters}",
  journal = {ArXiv e-prints},
archivePrefix = "arXiv",
   eprint = {1303.5076},
 primaryClass = "astro-ph.CO",
 keywords = {Astrophysics - Cosmology and Extragalactic Astrophysics},
     year = 2013,
   adsurl = {http://adsabs.harvard.edu/abs/2013arXiv1303.5076P},
  adsnote = {Provided by the SAO/NASA Astrophysics Data System},
  language = {english}
}


@ARTICLE{planck_gr_lense,
   author = {{Planck Collaboration} and {Ade}, P.~A.~R. and {Aghanim}, N. and 
  {Armitage-Caplan}, C. and {Arnaud}, M. and {Ashdown}, M. and 
  {Atrio-Barandela}, F. and {Aumont}, J. and {Baccigalupi}, C. and 
  {Banday}, A.~J. and et al.},
    title = "{Planck 2013 results. XVII. Gravitational lensing by large-scale structure}",
  journal = {ArXiv e-prints},
archivePrefix = "arXiv",
   eprint = {1303.5077},
 primaryClass = "astro-ph.CO",
 keywords = {Astrophysics - Cosmology and Extragalactic Astrophysics},
     year = 2013,
   adsurl = {http://adsabs.harvard.edu/abs/2013arXiv1303.5077P},
  adsnote = {Provided by the SAO/NASA Astrophysics Data System},
  language = {english}
}


@ARTICLE{planck_grav_corr,
   author = {{Planck Collaboration} and {Ade}, P.~A.~R. and {Aghanim}, N. and 
  {Armitage-Caplan}, C. and {Arnaud}, M. and {Ashdown}, M. and 
  {Atrio-Barandela}, F. and {Aumont}, J. and {Baccigalupi}, C. and 
  {Banday}, A.~J. and et al.},
    title = "{Planck 2013 results. XVIII. Gravitational lensing-infrared background correlation}",
  journal = {ArXiv e-prints},
archivePrefix = "arXiv",
   eprint = {1303.5078},
 primaryClass = "astro-ph.CO",
 keywords = {Astrophysics - Cosmology and Extragalactic Astrophysics},
     year = 2013,
   adsurl = {http://adsabs.harvard.edu/abs/2013arXiv1303.5078P},
  adsnote = {Provided by the SAO/NASA Astrophysics Data System},
  language = {english}
}


@ARTICLE{planck_isw,
   author = {{Planck Collaboration} and {Ade}, P.~A.~R. and {Aghanim}, N. and 
  {Armitage-Caplan}, C. and {Arnaud}, M. and {Ashdown}, M. and 
  {Atrio-Barandela}, F. and {Aumont}, J. and {Baccigalupi}, C. and 
  {Banday}, A.~J. and et al.},
    title = "{Planck 2013 results. XIX. The integrated Sachs-Wolfe effect}",
  journal = {ArXiv e-prints},
archivePrefix = "arXiv",
   eprint = {1303.5079},
 primaryClass = "astro-ph.CO",
 keywords = {Astrophysics - Cosmology and Extragalactic Astrophysics},
     year = 2013,
   adsurl = {http://adsabs.harvard.edu/abs/2013arXiv1303.5079P},
  adsnote = {Provided by the SAO/NASA Astrophysics Data System},
  language = {english}
}


@ARTICLE{planck_sz_clast,
   author = {{Planck Collaboration} and {Ade}, P.~A.~R. and {Aghanim}, N. and 
  {Armitage-Caplan}, C. and {Arnaud}, M. and {Ashdown}, M. and 
  {Atrio-Barandela}, F. and {Aumont}, J. and {Baccigalupi}, C. and 
  {Banday}, A.~J. and et al.},
    title = "{Planck 2013 results. XX. Cosmology from Sunyaev-Zeldovich cluster counts}",
  journal = {ArXiv e-prints},
archivePrefix = "arXiv",
   eprint = {1303.5080},
 primaryClass = "astro-ph.CO",
 keywords = {Astrophysics - Cosmology and Extragalactic Astrophysics},
     year = 2013,
   adsurl = {http://adsabs.harvard.edu/abs/2013arXiv1303.5080P},
  adsnote = {Provided by the SAO/NASA Astrophysics Data System},
  language = {english}
}


@ARTICLE{planck_infl,
   author = {{Planck Collaboration} and {Ade}, P.~A.~R. and {Aghanim}, N. and 
  {Armitage-Caplan}, C. and {Arnaud}, M. and {Ashdown}, M. and 
  {Atrio-Barandela}, F. and {Aumont}, J. and {Baccigalupi}, C. and 
  {Banday}, A.~J. and et al.},
    title = "{Planck 2013 results. XXII. Constraints on inflation}",
  journal = {ArXiv e-prints},
archivePrefix = "arXiv",
   eprint = {1303.5082},
 primaryClass = "astro-ph.CO",
 keywords = {Astrophysics - Cosmology and Extragalactic Astrophysics},
     year = 2013,
   adsurl = {http://adsabs.harvard.edu/abs/2013arXiv1303.5082P},
  adsnote = {Provided by the SAO/NASA Astrophysics Data System},
  language = {english}
}


@ARTICLE{planck_nongauss,
   author = {{Planck Collaboration} and {Ade}, P.~A.~R. and {Aghanim}, N. and 
  {Armitage-Caplan}, C. and {Arnaud}, M. and {Ashdown}, M. and 
  {Atrio-Barandela}, F. and {Aumont}, J. and {Baccigalupi}, C. and 
  {Banday}, A.~J. and et al.},
    title = "{Planck 2013 Results. XXIV. Constraints on primordial non-Gaussianity}",
  journal = {ArXiv e-prints},
archivePrefix = "arXiv",
   eprint = {1303.5084},
 primaryClass = "astro-ph.CO",
 keywords = {Astrophysics - Cosmology and Extragalactic Astrophysics},
     year = 2013,
   adsurl = {http://adsabs.harvard.edu/abs/2013arXiv1303.5084P},
  adsnote = {Provided by the SAO/NASA Astrophysics Data System},
  language = {english}
}


@ARTICLE{planck_topology,
   author = {{Planck Collaboration} and {Ade}, P.~A.~R. and {Aghanim}, N. and 
  {Armitage-Caplan}, C. and {Arnaud}, M. and {Ashdown}, M. and 
  {Atrio-Barandela}, F. and {Aumont}, J. and {Baccigalupi}, C. and 
  {Banday}, A.~J. and et al.},
    title = "{Planck 2013 results. XXVI. Background geometry and topology of the Universe}",
  journal = {ArXiv e-prints},
archivePrefix = "arXiv",
   eprint = {1303.5086},
 primaryClass = "astro-ph.CO",
 keywords = {Astrophysics - Cosmology and Extragalactic Astrophysics},
     year = 2013,
   adsurl = {http://adsabs.harvard.edu/abs/2013arXiv1303.5086P},
  adsnote = {Provided by the SAO/NASA Astrophysics Data System},
  language = {english}
}


@ARTICLE{planck_source_cat,
   author = {{Planck Collaboration} and {Ade}, P.~A.~R. and {Aghanim}, N. and 
  {Arg{\"u}eso}, F. and {Armitage-Caplan}, C. and {Arnaud}, M. and 
  {Ashdown}, M. and {Atrio-Barandela}, F. and {Aumont}, J. and 
  {Baccigalupi}, C. and et al.},
    title = "{Planck 2013 results. XXVIII. The Planck Catalogue of Compact Sources}",
  journal = {ArXiv e-prints},
archivePrefix = "arXiv",
   eprint = {1303.5088},
 primaryClass = "astro-ph.CO",
 keywords = {Astrophysics - Cosmology and Extragalactic Astrophysics},
     year = 2013,
   adsurl = {http://adsabs.harvard.edu/abs/2013arXiv1303.5088P},
  adsnote = {Provided by the SAO/NASA Astrophysics Data System},
  language = {english}
}


@ARTICLE{planck_sz_cat,
   author = {{Planck Collaboration} and {Ade}, P.~A.~R. and {Aghanim}, N. and 
  {Armitage-Caplan}, C. and {Arnaud}, M. and {Ashdown}, M. and 
  {Atrio-Barandela}, F. and {Aumont}, J. and {Aussel}, H. and 
  {Baccigalupi}, C. and et al.},
    title = "{Planck 2013 results. XXIX. Planck catalogue of Sunyaev-Zeldovich sources}",
  journal = {ArXiv e-prints},
archivePrefix = "arXiv",
   eprint = {1303.5089},
 primaryClass = "astro-ph.CO",
 keywords = {Astrophysics - Cosmology and Extragalactic Astrophysics},
     year = 2013,
   adsurl = {http://adsabs.harvard.edu/abs/2013arXiv1303.5089P},
  adsnote = {Provided by the SAO/NASA Astrophysics Data System},
  language = {english}
}

@ARTICLE{wmap9y_maps,
   author = {{Bennett}, C.~L. and {Larson}, D. and {Weiland}, J.~L. and {Jarosik}, N. and 
  {Hinshaw}, G. and {Odegard}, N. and {Smith}, K.~M. and {Hill}, R.~S. and 
  {Gold}, B. and {Halpern}, M. and {Komatsu}, E. and {Nolta}, M.~R. and 
  {Page}, L. and {Spergel}, D.~N. and {Wollack}, E. and {Dunkley}, J. and 
  {Kogut}, A. and {Limon}, M. and {Meyer}, S.~S. and {Tucker}, G.~S. and 
  {Wright}, E.~L.},
    title = "{Nine-year Wilkinson Microwave Anisotropy Probe (WMAP) Observations: Final Maps and Results}",
  journal = {\apjs},
archivePrefix = "arXiv",
   eprint = {1212.5225},
 primaryClass = "astro-ph.CO",
 keywords = {cosmic background radiation, cosmology: observations, dark matter, early universe, instrumentation: detectors, space vehicles, space vehicles: instruments, telescopes},
     year = 2013,
   volume = 208,
      eid = {20},
    pages = {20},
      doi = {10.1088/0067-0049/208/2/20},
   adsurl = {http://adsabs.harvard.edu/abs/2013ApJS..208...20B},
  adsnote = {Provided by the SAO/NASA Astrophysics Data System},
  language= {english}
}


@ARTICLE{wmap9y_params,
   author = {{Hinshaw}, G. and {Larson}, D. and {Komatsu}, E. and {Spergel}, D.~N. and 
  {Bennett}, C.~L. and {Dunkley}, J. and {Nolta}, M.~R. and {Halpern}, M. and 
  {Hill}, R.~S. and {Odegard}, N. and {Page}, L. and {Smith}, K.~M. and 
  {Weiland}, J.~L. and {Gold}, B. and {Jarosik}, N. and {Kogut}, A. and 
  {Limon}, M. and {Meyer}, S.~S. and {Tucker}, G.~S. and {Wollack}, E. and 
  {Wright}, E.~L.},
    title = "{Nine-year Wilkinson Microwave Anisotropy Probe (WMAP) Observations: Cosmological Parameter Results}",
  journal = {\apjs},
archivePrefix = "arXiv",
   eprint = {1212.5226},
 primaryClass = "astro-ph.CO",
 keywords = {cosmic background radiation, cosmology: observations, dark matter, early universe, instrumentation: detectors, space vehicles, space vehicles: instruments, telescopes },
     year = 2013,
   volume = 208,
      eid = {19},
    pages = {19},
      doi = {10.1088/0067-0049/208/2/19},
   adsurl = {http://adsabs.harvard.edu/abs/2013ApJS..208...19H},
  adsnote = {Provided by the SAO/NASA Astrophysics Data System},
  language = {english}
}


@ARTICLE{wmap7_gal_fg,
   author = {{Gold}, B. and {Odegard}, N. and {Weiland}, J.~L. and {Hill}, R.~S. and 
  {Kogut}, A. and {Bennett}, C.~L. and {Hinshaw}, G. and {Chen}, X. and 
  {Dunkley}, J. and {Halpern}, M. and {Jarosik}, N. and {Komatsu}, E. and 
  {Larson}, D. and {Limon}, M. and {Meyer}, S.~S. and {Nolta}, M.~R. and 
  {Page}, L. and {Smith}, K.~M. and {Spergel}, D.~N. and {Tucker}, G.~S. and 
  {Wollack}, E. and {Wright}, E.~L.},
    title = "{Seven-year Wilkinson Microwave Anisotropy Probe (WMAP) Observations: Galactic Foreground Emission}",
  journal = {\apjs},
archivePrefix = "arXiv",
   eprint = {1001.4555},
 primaryClass = "astro-ph.GA",
 keywords = {cosmic background radiation, cosmology: observations, diffuse radiation, Galaxy: halo, Galaxy: structure, ISM: structure},
     year = 2011,
   volume = 192,
      eid = {15},
    pages = {15},
      doi = {10.1088/0067-0049/192/2/15},
   adsurl = {http://adsabs.harvard.edu/abs/2011ApJS..192...15G},
  adsnote = {Provided by the SAO/NASA Astrophysics Data System},
  language={english}
}


@ARTICLE{wmap7_ps,
   author = {{Larson}, D. and {Dunkley}, J. and {Hinshaw}, G. and {Komatsu}, E. and 
  {Nolta}, M.~R. and {Bennett}, C.~L. and {Gold}, B. and {Halpern}, M. and 
  {Hill}, R.~S. and {Jarosik}, N. and {Kogut}, A. and {Limon}, M. and 
  {Meyer}, S.~S. and {Odegard}, N. and {Page}, L. and {Smith}, K.~M. and 
  {Spergel}, D.~N. and {Tucker}, G.~S. and {Weiland}, J.~L. and 
  {Wollack}, E. and {Wright}, E.~L.},
    title = "{Seven-year Wilkinson Microwave Anisotropy Probe (WMAP) Observations: Power Spectra and WMAP-derived Parameters}",
  journal = {\apjs},
archivePrefix = "arXiv",
   eprint = {1001.4635},
 primaryClass = "astro-ph.CO",
 keywords = {cosmic background radiation, cosmological parameters, cosmology: observations, dark matter, early universe, space vehicles: instruments},
     year = 2011,
   volume = 192,
      eid = {16},
    pages = {16},
      doi = {10.1088/0067-0049/192/2/16},
   adsurl = {http://adsabs.harvard.edu/abs/2011ApJS..192...16L},
  adsnote = {Provided by the SAO/NASA Astrophysics Data System},
  language= {english}
}



@ARTICLE{wmap7_anomal,
   author = {{Bennett}, C.~L. and {Hill}, R.~S. and {Hinshaw}, G. and {Larson}, D. and 
  {Smith}, K.~M. and {Dunkley}, J. and {Gold}, B. and {Halpern}, M. and 
  {Jarosik}, N. and {Kogut}, A. and {Komatsu}, E. and {Limon}, M. and 
  {Meyer}, S.~S. and {Nolta}, M.~R. and {Odegard}, N. and {Page}, L. and 
  {Spergel}, D.~N. and {Tucker}, G.~S. and {Weiland}, J.~L. and 
  {Wollack}, E. and {Wright}, E.~L.},
    title = "{Seven-year Wilkinson Microwave Anisotropy Probe (WMAP) Observations: Are There Cosmic Microwave Background Anomalies?}",
  journal = {\apjs},
archivePrefix = "arXiv",
   eprint = {1001.4758},
 primaryClass = "astro-ph.CO",
 keywords = {cosmic background radiation, cosmological parameters, cosmology: observations, dark matter, early universe, instrumentation: detectors, large-scale structure of universe, space vehicles, space vehicles: instruments, telescopes},
     year = 2011,
   volume = 192,
      eid = {17},
    pages = {17},
      doi = {10.1088/0067-0049/192/2/17},
   adsurl = {http://adsabs.harvard.edu/abs/2011ApJS..192...17B},
  adsnote = {Provided by the SAO/NASA Astrophysics Data System},
  language = {english}
}


@ARTICLE{wmap5_sc,
   author = {{Wright}, E.~L. and {Chen}, X. and {Odegard}, N. and {Bennett}, C.~L. and 
  {Hill}, R.~S. and {Hinshaw}, G. and {Jarosik}, N. and {Komatsu}, E. and 
  {Nolta}, M.~R. and {Page}, L. and {Spergel}, D.~N. and {Weiland}, J.~L. and 
  {Wollack}, E. and {Dunkley}, J. and {Gold}, B. and {Halpern}, M. and 
  {Kogut}, A. and {Larson}, D. and {Limon}, M. and {Meyer}, S.~S. and 
  {Tucker}, G.~S.},
    title = "{Five-Year Wilkinson Microwave Anisotropy Probe Observations: Source Catalog}",
  journal = {\apjs},
archivePrefix = "arXiv",
   eprint = {0803.0577},
 keywords = {catalogs, cosmic microwave background, quasars: general, radio continuum: galaxies, surveys},
     year = 2009,
   volume = 180,
    pages = {283-295},
      doi = {10.1088/0067-0049/180/2/283},
   adsurl = {http://adsabs.harvard.edu/abs/2009ApJS..180..283W},
  adsnote = {Provided by the SAO/NASA Astrophysics Data System},
  language = {english}
}

@ARTICLE{hot_univer,
  author = {Зельдович, Я.~Б.},
  title = {"Грячая"\:модель Вселенной},
  journal = {Успехи физических наук},
  year = {1966},
  volume = {89},
  pages = {648}
}

@ARTICLE{cmb_anis_nob,
  author = {Смут III, Дж.~Ф.},
  title = {"Анизотропия реликтового излучения: открытие и научное значение"},
  journal = {Успехи физических наук},
  year = {2007},
  volume = {177},
  pages = {1294}
}


@ARTICLE{starobinski,
   author = {{Starobinski{\v i}}, A.~A.},
    title = "{Spectrum of relict gravitational radiation and the early state of the universe}",
  journal = {Soviet Journal of Experimental and Theoretical Physics Letters},
     year = 1979,
   volume = 30,
    pages = {682},
   adsurl = {http://adsabs.harvard.edu/abs/1979JETPL..30..682S},
  adsnote = {Provided by the SAO/NASA Astrophysics Data System},
  language = {english}
}


@ARTICLE{sato,
   author = {{Sato}, K.},
    title = "{First-order phase transition of a vacuum and the expansion of the Universe}",
  journal = {\mnras},
 keywords = {Cosmology, Expansion, Gauge Theory, Phase Transformations, Universe, Vacuum, Baryons, Bubbles, Fluctuation Theory, Galactic Evolution, Nucleation, Photons},
     year = 1981,
   volume = 195,
    pages = {467-479},
   adsurl = {http://adsabs.harvard.edu/abs/1981MNRAS.195..467S},
  adsnote = {Provided by the SAO/NASA Astrophysics Data System},
  language = {english}
}


@ARTICLE{linde,
   author = {{Linde}, A.~D.},
    title = "{A new inflationary universe scenario: A possible solution of the horizon, flatness, homogeneity, isotropy and primordial monopole problems}",
  journal = {Physics Letters B},
     year = 1982,
   volume = 108,
    pages = {389-393},
      doi = {10.1016/0370-2693(82)91219-9},
   adsurl = {http://adsabs.harvard.edu/abs/1982PhLB..108..389L},
  adsnote = {Provided by the SAO/NASA Astrophysics Data System},
  language = {english}
}


@ARTICLE{infl_allen,
   author = {{Allen}, T.~J. and {Grinstein}, B. and {Wise}, M.~B.},
    title = "{Non-gaussian density perturbations in inflationary cosmologies}",
  journal = {Physics Letters B},
     year = 1987,
   volume = 197,
    pages = {66-70},
      doi = {10.1016/0370-2693(87)90343-1},
   adsurl = {http://adsabs.harvard.edu/abs/1987PhLB..197...66A},
  adsnote = {Provided by the SAO/NASA Astrophysics Data System},
  language= {english}
}


@ARTICLE{infl_mukhanov,
   author = {{Linde}, A. and {Mukhanov}, V.},
    title = "{Non-Gaussian isocurvature perturbations from inflation}",
  journal = {\prd},
   eprint = {astro-ph/9610219},
 keywords = {Particle-theory and field-theory models of the early Universe, Supersymmetric models},
     year = 1997,
   volume = 56,
    pages = {535},
      doi = {10.1103/PhysRevD.56.R535},
   adsurl = {http://adsabs.harvard.edu/abs/1997PhRvD..56..535L},
  adsnote = {Provided by the SAO/NASA Astrophysics Data System},
  language={english}
}


@ARTICLE{infl_bernardeau,
   author = {{Bernardeau}, F. and {Uzan}, J.-P.},
    title = "{Non-Gaussianity in multifield inflation}",
  journal = {\prd},
   eprint = {hep-ph/0207295},
 keywords = {Particle-theory and field-theory models of the early Universe},
     year = 2002,
   volume = 66,
   number = 10,
      eid = {103506},
    pages = {103506},
      doi = {10.1103/PhysRevD.66.103506},
   adsurl = {http://adsabs.harvard.edu/abs/2002PhRvD..66j3506B},
  adsnote = {Provided by the SAO/NASA Astrophysics Data System},
  language={english}
}


@ARTICLE{nongauss1,
   author = {{Chiang}, L.-Y. and {Naselsky}, P.~D. and {Verkhodanov}, O.~V. and 
  {Way}, M.~J.},
    title = "{Non-Gaussianity of the Derived Maps from the First-Year Wilkinson Microwave Anisotropy Probe Data}",
  journal = {\apjl},
   eprint = {astro-ph/0303643},
 keywords = {Cosmology: Cosmic Microwave Background, Cosmology: Observations, Methods: Data Analysis},
     year = 2003,
   volume = 590,
    pages = {L65-L68},
      doi = {10.1086/376822},
   adsurl = {http://adsabs.harvard.edu/abs/2003ApJ...590L..65C},
  adsnote = {Provided by the SAO/NASA Astrophysics Data System},
  language = {english}
}


@ARTICLE{nongauss2,
   author = {{Naselsky}, P.~D. and {Doroshkevich}, A.~G. and {Verkhodanov}, O.~V.
  },
    title = "{Phase Cross-Correlation of the Wilkinson Microwave Anisotropy Probe Internal Linear Combination Map and Foregrounds}",
  journal = {\apjl},
   eprint = {astro-ph/0310542},
 keywords = {Cosmology: Cosmic Microwave Background, Cosmology: Observations, Methods: Data Analysis},
     year = 2003,
   volume = 599,
    pages = {L53-L56},
      doi = {10.1086/381249},
   adsurl = {http://adsabs.harvard.edu/abs/2003ApJ...599L..53N},
  adsnote = {Provided by the SAO/NASA Astrophysics Data System},
  language={english}
}


@ARTICLE{nongauss3,
   author = {{Coles}, P. and {Dineen}, P. and {Earl}, J. and {Wright}, D.
  },
    title = "{Phase correlations in cosmic microwave background temperature maps}",
  journal = {\mnras},
   eprint = {astro-ph/0310252},
 keywords = {methods: statistical, cosmic microwave background, cosmology: theory, large-scale structure of Universe},
     year = 2004,
   volume = 350,
    pages = {989-1004},
      doi = {10.1111/j.1365-2966.2004.07706.x},
   adsurl = {http://adsabs.harvard.edu/abs/2004MNRAS.350..989C},
  adsnote = {Provided by the SAO/NASA Astrophysics Data System},
  language = {english}
}


@ARTICLE{glesp1,
   author = {{Doroshkevich}, A.~G. and {Naselsky}, P.~D. and {Verkhodanov}, O.~V. and 
  {Novikov}, D.~I. and {Turchaninov}, V.~I. and {Novikov}, I.~D. and 
  {Christensen}, P.~R. and {Chiang}, L.-Y.},
    title = "{Gauss-Legendre Sky Pixelization (glesp) for CMB Maps}",
  journal = {International Journal of Modern Physics D},
   eprint = {astro-ph/0305537},
 keywords = {Cosmology: cosmic microwave background, cosmology: observations, methods: data analysis},
     year = 2005,
   volume = 14,
    pages = {275-290},
      doi = {10.1142/S0218271805006183},
   adsurl = {http://adsabs.harvard.edu/abs/2005IJMPD..14..275D},
  adsnote = {Provided by the SAO/NASA Astrophysics Data System},
  language = {english}
}


@ARTICLE{cmbfast,
   author = {{Seljak}, U. and {Zaldarriaga}, M.},
    title = "{A Line-of-Sight Integration Approach to Cosmic Microwave Background Anisotropies}",
  journal = {\apj},
   eprint = {astro-ph/9603033},
 keywords = {COSMOLOGY: COSMIC MICROWAVE BACKGROUND, COSMOLOGY: THEORY, METHODS: NUMERICAL},
     year = 1996,
   volume = 469,
    pages = {437},
      doi = {10.1086/177793},
   adsurl = {http://adsabs.harvard.edu/abs/1996ApJ...469..437S},
  adsnote = {Provided by the SAO/NASA Astrophysics Data System},
  language = {english}
}

@BOOK{wavelet,
  author = {Малла, С.},
  title = {Вейвлеты в обработке сигналов},
  year = {2005},
  publisher = {<<Мир>>},
  editor = {},
  pages = {671}
}


@ARTICLE{cold_spot,
   author = {{Cruz}, M. and {Mart{\'{\i}}nez-Gonz{\'a}lez}, E. and {Vielva}, P. and 
  {Cay{\'o}n}, L.},
    title = "{Detection of a non-Gaussian spot in WMAP}",
  journal = {\mnras},
   eprint = {astro-ph/0405341},
 keywords = {methods: data analysis, cosmic microwave background},
     year = 2005,
   volume = 356,
    pages = {29-40},
      doi = {10.1111/j.1365-2966.2004.08419.x},
   adsurl = {http://adsabs.harvard.edu/abs/2005MNRAS.356...29C},
  adsnote = {Provided by the SAO/NASA Astrophysics Data System},
  language = {english}
}


@ARTICLE{nvss,
   author = {{Condon}, J.~J. and {Cotton}, W.~D. and {Greisen}, E.~W. and 
  {Yin}, Q.~F. and {Perley}, R.~A. and {Taylor}, G.~B. and {Broderick}, J.~J.
  },
    title = "{The NRAO VLA Sky Survey}",
  journal = {\aj},
 keywords = {CATALOGS, METHODS: DATA ANALYSIS, METHODS: OBSERVATIONAL, RADIO CONTINUUM, SURVEYS},
     year = 1998,
   volume = 115,
    pages = {1693-1716},
      doi = {10.1086/300337},
   adsurl = {http://adsabs.harvard.edu/abs/1998AJ....115.1693C},
  adsnote = {Provided by the SAO/NASA Astrophysics Data System},
  language = {english}
}


@ARTICLE{nvss_cold_spot,
   author = {{Rudnick}, L. and {Brown}, S. and {Williams}, L.~R.},
    title = "{Extragalactic Radio Sources and the WMAP Cold Spot}",
  journal = {\apj},
archivePrefix = "arXiv",
   eprint = {0704.0908},
 keywords = {Cosmology: Cosmic Microwave Background, Cosmology: Large-Scale Structure of Universe, Radio Continuum: Galaxies},
     year = 2007,
   volume = 671,
    pages = {40-44},
      doi = {10.1086/522222},
   adsurl = {http://adsabs.harvard.edu/abs/2007ApJ...671...40R},
  adsnote = {Provided by the SAO/NASA Astrophysics Data System}
}


@ARTICLE{topol_cold_spot,
   author = {{Cruz}, M. and {Turok}, N. and {Vielva}, P. and {Mart{\'{\i}}nez-Gonz{\'a}lez}, E. and 
  {Hobson}, M.},
    title = "{A Cosmic Microwave Background Feature Consistent with a Cosmic Texture}",
  journal = {Science},
archivePrefix = "arXiv",
   eprint = {0710.5737},
     year = 2007,
   volume = 318,
    pages = {1612},
      doi = {10.1126/science.1148694},
   adsurl = {http://adsabs.harvard.edu/abs/2007Sci...318.1612C},
  adsnote = {Provided by the SAO/NASA Astrophysics Data System},
  language = {english}
}

@BOOK{quadrilat,
  title={Extended Studies of a Quadrilateralized Spherical Cube Earth Data Base},
  author={O'Neill, E.M. and Laubscher, R.E. and COMPUTER SCIENCES CORP SILVER SPRING MD SYSTEM SCIENCES DIV.},
  url={http://books.google.ru/books?id=z2WctgAACAAJ},
  year={1976},
  publisher={Defense Technical Information Center},
  language = {english}
}

@BOOK{feasibility,
  title={Feasibility Study of a Quadrilateralized Spherical Cube Earth Data Base: Final Report},
  author={Chan, F.K. and O'Neill, E.M. and COMPUTER SCIENCES CORP SILVER SPRING MD SYSTEM SCIENCES DIV. and United States. Naval Air Systems Command and Environmental Prediction Research Facility (U.S.)},
  series={EPRF technical report},
  url={http://books.google.ru/books?id=94OWNwAACAAJ},
  year={1975},
  publisher={Computer Sciences Corporation, System Sciences Division},
  language = {english}
}


@INPROCEEDINGS{coord_fits,
   author = {{Greisen}, E.~W. and {Calabretta}, M.},
    title = "{Representations of Celestial Coordinates in FITS}",
booktitle = {American Astronomical Society Meeting Abstracts \#182},
     year = 1993,
   series = {Bulletin of the American Astronomical Society},
   volume = 25,
    pages = {808},
   adsurl = {http://adsabs.harvard.edu/abs/1993AAS...182.0901G},
  adsnote = {Provided by the SAO/NASA Astrophysics Data System},
  language = {english}
}


@ARTICLE{ea_sky_pixel,
   author = {{Crittenden}, R.~G. and {Turok}, N.~G.},
    title = "{Exactly Azimuthal Pixelizations of the Sky}",
  journal = {ArXiv Astrophysics e-prints},
   eprint = {astro-ph/9806374},
     year = 1998,
   adsurl = {http://adsabs.harvard.edu/abs/1998astro.ph..6374C},
  adsnote = {Provided by the SAO/NASA Astrophysics Data System},
  language = {english}
}


@ARTICLE{tegmark_pixel,
   author = {{Tegmark}, M.},
    title = "{An Icosahedron-Based Method for Pixelizing the Celestial Sphere}",
  journal = {\apjl},
   eprint = {astro-ph/9610094},
 keywords = {METHODS: DATA ANALYSIS, COSMOLOGY: COSMIC MICROWAVE BACKGROUND},
     year = 1996,
   volume = 470,
    pages = {L81},
      doi = {10.1086/310310},
   adsurl = {http://adsabs.harvard.edu/abs/1996ApJ...470L..81T},
  adsnote = {Provided by the SAO/NASA Astrophysics Data System},
  language = {english}
}

@ARTICLE{glesp_first,
   author = {{Doroshkevich}, A.~G. and {Naselsky}, P.~D. and {Verkhodanov}, O.~V. and 
  {Novikov}, D.~I. and {Turchaninov}, V.~I. and {Novikov}, I.~D. and 
  {Christensen}, P.~R. and {Chiang}, L.~-.},
    title = "{First Release of Gauss-Legendre Sky Pixelization (GLESP) software package for CMB analysis}",
  journal = {ArXiv Astrophysics e-prints},
   eprint = {astro-ph/0501494},
 keywords = {Astrophysics},
     year = 2005,
   adsurl = {http://adsabs.harvard.edu/abs/2005astro.ph..1494D},
  adsnote = {Provided by the SAO/NASA Astrophysics Data System},
  language = {english}
}

@ARTICLE{glesp_fadps,
   author = {{Verkhodanov}, O.~V. and {Doroshkevich}, A.~G. and {Naselsky}, P.~D. and 
  {Novikov}, D.~I. and {Turchaninov}, V.~I. and {Novikov}, I.~D. and 
  {Christensen}, P.~R. and {Chiang}, L.-Y.},
    title = "{GLESP package for full sky CMB maps data analysis and its realization in the FADPS data processing system.}",
  journal = {Bulletin of the Special Astrophysics Observatory},
 keywords = {cosmology: cosmic microwave background, cosmology: observations, methods: data analysis},
     year = 2005,
   volume = 58,
    pages = {40-50},
   adsurl = {http://adsabs.harvard.edu/abs/2005BSAO...58...40V},
  adsnote = {Provided by the SAO/NASA Astrophysics Data System},
  language = {english}
}

@BOOK{nr,
   author = {{Press}, W.~H. and {Teukolsky}, S.~A. and {Vetterling}, W.~T. and 
  {Flannery}, B.~P.},
    title = "{Numerical recipes in FORTRAN. The art of scientific computing}",
booktitle = {Cambridge: University Press, |c1992, 2nd ed.},
     year = 1992,
   adsurl = {http://adsabs.harvard.edu/abs/1992nrfa.book.....P},
  adsnote = {Provided by the SAO/NASA Astrophysics Data System},
  language = {english}
}

@ARTICLE{fftw,
  author = {Frigo, Matteo and Johnson, Steven G.},
  title = {"The Fastest Fourier Transform in the West"},
  journal = {Massachusetts Institute of Technology},
  volume = {report MIT-LCS-TR-728},
  year = {1997},
  language = {english}
}

@article{penzias,
  author = {Пензиас, A.},
  title = {Происхождение элементов},
  publisher = {Успехи физических наук},
  year = {1979},
  journal = {Успехи физических наук},
  volume = {129},
  number = {12},
  pages = {581-593},
  url = {http://ufn.ru/ru/articles/1979/12/b/},
  doi = {10.3367/UFNr.0129.197912b.0581},
  language = {english}
}

@ARTICLE{submm_corr,
   author = {{Verkhodanov}, O.~V. and {Naiden}, Y.~V.},
    title = "{Does the contribution of infrared and submillimeter sources reveal itself at low harmonics of the CMB?}",
  journal = {Astrophysical Bulletin},
 keywords = {cosmology: cosmic background radiation surveys},
     year = 2012,
   volume = 67,
    pages = {1-16},
      doi = {10.1134/S1990341312010014},
   adsurl = {http://adsabs.harvard.edu/abs/2012AstBu..67....1V},
  adsnote = {Provided by the SAO/NASA Astrophysics Data System},
  language = {english}
}

@ARTICLE{2_low_mult,
   author = {{Verkhodanov}, O.~V. and {Keshelava}, T.~V. and {Naiden}, Y.~V.
  },
    title = "{On two low harmonics of CMB correlation maps}",
  journal = {Astrophysical Bulletin},
 keywords = {cosmology: cosmic background radiation},
     year = 2012,
   volume = 67,
    pages = {245-252},
      doi = {10.1134/S1990341312030017},
   adsurl = {http://adsabs.harvard.edu/abs/2012AstBu..67..245V},
  adsnote = {Provided by the SAO/NASA Astrophysics Data System},
  language = {english}
}


@ARTICLE{wmap_rot,
   author = {{Naiden}, Y.~V. and {Verkhodanov}, O.~V.},
    title = "{Determination of microwave background map inhomogeneity from angular power spectrum}",
  journal = {Astrophysical Bulletin},
 keywords = {cosmology, CMB, data analysis},
     year = 2011,
   volume = 66,
    pages = {345-354},
      doi = {10.1134/S1990341311030072},
   adsurl = {http://adsabs.harvard.edu/abs/2011AstBu..66..345N},
  adsnote = {Provided by the SAO/NASA Astrophysics Data System},
  language = {english}
}


@ARTICLE{cmb_z,
   author = {{Naiden}, Y.~V. and {Verkhodanov}, O.~V.},
    title = "{Correlation properties of the WMAP CMB and 2MRS and SDSS catalogs at different redshifts}",
  journal = {Astrophysical Bulletin},
 keywords = {cosmic background radiation},
     year = 2013,
   volume = 68,
    pages = {471-480},
      doi = {10.1134/S1990341313040093},
   adsurl = {http://adsabs.harvard.edu/abs/2013AstBu..68..471N},
  adsnote = {Provided by the SAO/NASA Astrophysics Data System},
  language = {english}
}


@BOOK{modern_cosm,
   author = {{Dodelson}, S.},
    title = "{Modern cosmology}",
 keywords = {Cosmology},
booktitle = {Modern cosmology / Scott Dodelson.~Amsterdam (Netherlands): Academic Press.~ISBN 0-12-219141-2, 2003, XIII + 440 p.},
     year = 2003,
   adsurl = {http://adsabs.harvard.edu/abs/2003moco.book.....D},
  adsnote = {Provided by the SAO/NASA Astrophysics Data System},
  language = {english}
}


@ARTICLE{evil,
   author = {{Land}, K. and {Magueijo}, J.},
    title = "{Examination of Evidence for a Preferred Axis in the Cosmic Radiation Anisotropy}",
  journal = {Physical Review Letters},
   eprint = {astro-ph/0502237},
 keywords = {Background radiations, Observational cosmology},
     year = 2005,
   volume = 95,
   number = 7,
      eid = {071301},
    pages = {071301},
      doi = {10.1103/PhysRevLett.95.071301},
   adsurl = {http://adsabs.harvard.edu/abs/2005PhRvL..95g1301L},
  adsnote = {Provided by the SAO/NASA Astrophysics Data System},
  language = {english}
}


@ARTICLE{cosm_var,
   author = {{Somerville}, R.~S. and {Lee}, K. and {Ferguson}, H.~C. and 
  {Gardner}, J.~P. and {Moustakas}, L.~A. and {Giavalisco}, M.
  },
    title = "{Cosmic Variance in the Great Observatories Origins Deep Survey}",
  journal = {\apjl},
   eprint = {astro-ph/0309071},
 keywords = {Galaxies: Statistics, Cosmology: Large-Scale Structure of Universe},
     year = 2004,
   volume = 600,
    pages = {L171-L174},
      doi = {10.1086/378628},
   adsurl = {http://adsabs.harvard.edu/abs/2004ApJ...600L.171S},
  adsnote = {Provided by the SAO/NASA Astrophysics Data System},
  language = {english}
}

@ARTICLE{first,
   author = {{White}, R.~L. and {Becker}, R.~H. and {Helfand}, D.~J. and 
  {Gregg}, M.~D.},
    title = "{A Catalog of 1.4 GHz Radio Sources from the FIRST Survey}",
  journal = {\apj},
 keywords = {ASTROMETRY, CATALOGS, GALAXIES: STATISTICS, GALAXIES: QUASARS: GENERAL, RADIO CONTINUUM: GALAXIES, SURVEYS},
     year = 1997,
   volume = 475,
    pages = {479},
      doi = {10.1086/303564},
   adsurl = {http://adsabs.harvard.edu/abs/1997ApJ...475..479W},
  adsnote = {Provided by the SAO/NASA Astrophysics Data System},
  language = {english}
}

@ARTICLE{planck_fake,
   author = {{Planck Collaboration} and {Ade}, P.~A.~R. and {Aghanim}, N. and 
  {Armitage-Caplan}, C. and {Arnaud}, M. and {Ashdown}, M. and 
  {Atrio-Barandela}, F. and {Aumont}, J. and {Baccigalupi}, C. and 
  {Banday}, A.~J. and et al.},
    title = "{Planck 2013 results. XXI. Cosmology with the all-sky Planck Compton parameter \$y\$-map}",
  journal = {ArXiv e-prints},
archivePrefix = "arXiv",
   eprint = {1303.5081},
 primaryClass = "astro-ph.CO",
 keywords = {Astrophysics - Cosmology and Extragalactic Astrophysics},
     year = 2013,
   adsurl = {http://adsabs.harvard.edu/abs/2013arXiv1303.5081P},
  adsnote = {Provided by the SAO/NASA Astrophysics Data System},
  language = {english}
}
